1696 3019
223 245 282 285 16

155 365 282 420 Quod
319 366 355 409 si
389 364 472 408 hoe
504 364 571 408 vel
605 365 680 408 illo
711 365 838 408 modo
871 364 1130 424 particulam
1163 366 1381 424 quandam
1422 360 1506 415 liu-'-
1532 370 1546 387 ²

151 427 227 487 jus
260 428 353 486 agri
378 427 522 486 adepti
558 433 703 470 essent
741 426 794 471 de
828 426 954 486 plebe
983 426 1178 470 homines
1211 426 1271 483 ¹),
1303 436 1402 490 post
1434 446 1507 481 re-

155 506 232 547 ges
275 497 455 533 exactos
499 505 594 530 mox
624 505 647 531 a
693 489 893 532 Patr-ictis
942 505 991 533 ea
1025 490 1299 547 possessione
1335 479 1539 551 expulsi·

155 552 293 595 fuisse
331 551 542 594 videntur.
607 551 788 611 Spectat
823 551 865 593 id
897 552 991 594 sine
1024 549 1158 593 dubio
1177 548 1414 596 Sallustius
1438 553 1505 609 Ἰ),

156 631 253 659 cum
285 613 409 661 dicit,
442 619 613 672 patres,
649 612 826 670 regibus
861 614 1047 663 exactis,
1077 612 1247 672 plebem
1281 630 1388 675 aqro
1403 615 1506 674 pel-

155 677 249 720 lere
285 677 488 733 eoepisse.
1465 679 1469 683 “

281 738 490 781 Poterant
523 736 696 796 quidem
746 737 774 779 ii
824 736 1015 797 Plebeji‚
1070 734 1231 797 quibus
1281 736 1505 786 heredium

153 810 382 859 paternum
418 800 470 843 ad
505 815 610 841 usus
653 800 766 841 vitae
799 801 1066 842 necessarios
1118 814 1203 842 non
1234 803 1340 843 satis
1369 809 1506 851 esset,

156 864 196 905 in
232 870 399 923 partem
441 863 591 905 venire
631 860 920 911 coloniarum,
974 877 1085 922 quas
1117 877 1246 921 saepe
1279 863 1321 905 in
1354 878 1505 920 agros,

155 924 211 968 ab
246 924 447 968 hostibus
480 932 655 982 captoS‚
690 924 874 967 Romani
901 924 1116 967 deducere
1152 923 1364 967 solebant.
1391 950 1394 951 ν
1417 925 1505 969 Sed

153 987 411 1046 plerumque
454 986 563 1028 istae
615 984 809 1028 coloniae
850 987 913 1029 sic
963 993 1087 1029 erant
1118 986 1360 1040 idoneisin
1396 985 1505 1031 loeis

154 1057 305 1092 contra
338 1046 630 1108 suspicionem
665 1048 845 1105 periculi
885 1048 1141 1098 collocatae,
1174 1056 1222 1091 ut
1255 1049 1379 1108 quasi
1400 1059 1505 1109 spe-

153 1110 251 1153 cula
284 1110 432 1168 populi
466 1110 650 1152 Romani
685 1125 736 1152 ac
770 1110 1095 1168 propugnacula
1131 1110 1296 1167 imperii
1339 1112 1389 1152 iis
1424 1114 1505 1153 na·
1539 1148 1548 1152 -

152 1171 368 1222 tionibus,
399 1188 422 1215 a
457 1169 618 1232 quibus
654 1171 809 1215 seditio
841 1178 914 1214 aut
933 1170 1092 1215 bellum
1112 1178 1226 1215 esset
1243 1172 1503 1223 timendum,
1542 1177 1545 1185 '

153 1237 382 1294 oppositae
413 1235 675 1277 viderentur.
719 1233 850 1276 Tales
884 1235 1016 1289 igitur
1041 1235 1338 1291 migrationes,
1373 1251 1503 1294 prae-

150 1304 349 1358 terquam
385 1295 500 1358 quod
534 1296 674 1339 omnis
707 1312 729 1339 a
766 1297 1021 1340 necessariis
1051 1304 1093 1340 et
1125 1297 1381 1357 propinquis
1414 1296 1503 1341 dis·

152 1375 302 1403 cessus
337 1376 508 1418 semper
539 1360 675 1401 tristis
706 1368 770 1402 est
802 1367 844 1402 et
877 1358 1088 1409 acerbus,
1124 1368 1345 1418 praeterea
1366 1361 1502 1404 mole-

151 1423 331 1465 stiarum
367 1429 407 1465 et
442 1420 733 1480 periculorum
771 1421 924 1480 plenae
955 1428 1096 1466 erant,
1125 1421 1182 1464 ob
1213 1437 1394 1482 eamque
1412 1438 1501 1466 rem

153 1500 238 1527 non
268 1491 334 1528 est
353 1483 616 1530 mirandum,
648 1485 682 1524 si
704 1500 1025 1542 nonnumquam
1043 1484 1205 1526 tactum
1225 1492 1313 1532 est,
1338 1493 1384 1528 ut
1403 1486 1500 1545 qui,

153 1547 234 1587 nisi
280 1546 463 1588 maxima
516 1546 774 1587 necessitate
826 1547 986 1592 eoacti,
1028 1547 1196 1588 nomina
1223 1544 1382 1589 darent
1415 1562 1501 1590 non

151 1608 281 1650 facile
313 1608 625 1656 invenirentur,
660 1609 761 1665 quia
784 1608 829 1649 iu
864 1608 1091 1651 stationem
1111 1624 1158 1651 se
1177 1623 1316 1666 prope
1335 1624 1502 1668 perpe-

152 1676 270 1713 tuam
291 1669 481 1727 infestae
513 1669 728 1728 regionis,
760 1671 907 1711 nonin
927 1685 1054 1729 aqros
1081 1671 1194 1712 mitti
1214 1672 1424 1713 rebantur
1448 1671 1501 1729 ³).

281 1730 408 1785 Quod
440 1731 477 1774 si
512 1747 563 1773 ex
599 1731 675 1783 iis,
709 1747 823 1791 quae
863 1731 953 1791 jam
1000 1731 1207 1781 diximus,
1250 1731 1351 1791 jure
1385 1748 1500 1794 quo-

150 1793 381 1837 dammodo
411 1793 611 1836 concludi
646 1801 808 1852 potest,
843 1794 1196 1851 verisimillimum
1229 1811 1345 1844 esse,
1395 1796 1498 1838 Ple-

149 1856 276 1915 bejos
310 1856 501 1915 antiquis
538 1856 805 1914 temporibus
838 1858 953 1914 agris
990 1873 1075 1899 non
1113 1856 1240 1900 modo
1261 1872 1344 1900 non
1364 1856 1498 1900 abun-

148 1919 288 1966 dasse,
321 1918 396 1961 sed
432 1934 560 1975 saepe
595 1934 648 1961 ne
681 1927 847 1961 tantum
872 1919 1067 1978 quidem,
1102 1927 1306 1979 quantum
1342 1919 1395 1962 ad
1431 1920 1498 1960 vi-

146 1989 234 2024 tam
270 1980 595 2023 sustentandam
631 1989 743 2023 esset
763 1982 1075 2030 necessarium,
1107 1980 1333 2030 habuisse,
1368 1980 1499 2025 facile

146 2043 389 2100 intelligere
423 2059 671 2100 possumus,
703 2044 745 2085 in
782 2060 829 2086 ea
863 2060 909 2087 re
944 2060 1071 2086 unam
1104 2060 1277 2087 causam
1310 2059 1498 2103 pauper·

146 2107 261 2153 tatis,
299 2104 566 2163 eandemque
594 2106 907 2160 gravissimam,
933 2106 1224 2165 quaerendam
1244 2121 1352 2155 esse,
1371 2121 1497 2165 prae-

144 2168 292 2210 sertim
326 2182 459 2225 quum
495 2168 546 2214 ii,
604 2167 678 2224 qui
727 2167 965 2226 locupletes
1017 2167 1084 2210 vel
1136 2168 1298 2211 assidui
1331 2174 1497 2216 essent,

144 2229 260 2273 haud
296 2229 442 2289 parvis
476 2230 679 2271 oneribus
726 2237 1036 2288 premerentur.
1104 2231 1216 2274 Tota
1264 2231 1376 2272 enim
1410 2231 1494 2273 tri-

234 2342 262 2378 1)
284 2343 397 2373 Narrat
421 2343 527 2372 Cicero
550 2344 601 2379 (de
625 2344 701 2380 Rep.
726 2344 754 2378 2,
793 2344 839 2379 ¹4,
871 2344 934 2381 26),
964 2346 1028 2381 jam
1051 2354 1068 2375 a
1090 2346 1192 2375 Numa
1215 2354 1287 2383 rege
1310 2354 1437 2383 agrum,
1460 2354 1497 2376 ex

142 2396 284 2426 hostibus
306 2401 453 2432 captum,
478 2395 591 2424 viritim
614 2395 732 2425 civibus
755 2396 886 2425 divisum
910 2397 1011 2425 fuisse.
1054 2395 1106 2426 crr
1128 2395 1195 2426 Liv.
1225 2394 1251 2431 1,
1275 2396 1326 2427 46.

226 2448 260 2484 2>
282 2447 375 2484 Apud
400 2444 565 2487 Auqustin.
588 2449 626 2477 de
648 2446 714 2476 (Σίν.
738 2446 776 2475 D.
800 2446 829 2481 2,
857 2445 902 2480 18,
931 2445 955 2476 l.

270 2499 322 2529 crr
348 2496 436 2529 Gaas.
461 2497 579 2529 Hemin.
603 2507 653 2536 ap.
677 2495 766 2527 Non.
790 2506 821 2534 p.
849 2496 922 2528 149:
949 2498 1131 2540 Quicunque
1158 2502 1293 2541 propter
1323 2496 1496 2540 plebitatem

142 2561 221 2592 αρτ-ο
241 2549 364 2591 publico
388 2553 471 2591 ey'ecti
493 2553 572 2581 sunt.
616 2548 766 2590 Schweyl.
789 2550 827 2580 R.
851 2549 889 2580 G.
914 2552 955 2581 11.
982 2560 1010 2590 p.
1033 2549 1105 2581 2¹3.

225 2600 255 2639 3)
280 2601 347 2633 Liv.
372 2601 496 2643 ¹0,221.
520 2602 572 2633 Csr
593 2602 623 2639 3,
647 2602 674 2639 1,
697 2605 756 2635 cet.
