1696 3019
214 185 243 214 ὅ

153 295 399 338 divinarum
433 309 627 336 normam
663 294 938 338 conformare
970 301 1013 336 et
1046 309 1145 337 cum
1177 293 1511 350 deorumst-:ultus

153 356 399 401 arctissime
425 356 550 417 quasi
576 363 837 401 connectere
868 353 1052 401 solebat.
1119 354 1410 406 Quamobrem
1424 348 1512 413 Pii-s
1569 403 1571 405 ,

155 420 298 473 tricii‚
329 435 416 462 non
447 435 525 462 sua
564 419 715 470 modo,
747 419 825 462 sed
870 420 998 462 etiam
1028 417 1208 461 deorum
1239 417 1372 463 causa
1406 414 1510 470 Ple·

153 480 290 542 bejis‚
326 495 424 524 cum
456 479 571 541 juris
602 478 957 541 aequabilitatem
988 487 1262 541 appeterent,
1307 479 1511 531 resistere
1544 505 1549 509 -

145 561 201 612 'se
234 552 278 589 et
310 559 441 602 posse
473 550 518 587 et
547 542 710 588 debere
745 542 961 601 putabant
986 542 1028 598 ¹).

281 605 350 648 Ex
383 604 457 653 iis,
499 620 613 664 quae
643 604 697 648 de
736 603 1015 663 Plebejorum
1050 604 1093 646 in
1136 603 1361 664 republica
1394 610 1512 649 statu
1589 646 1591 648 .
1641 626 1644 637 =

151 667 243 728 jam
275 666 522 712 summatim
558 666 772 718 diximus,
806 673 946 728 patet,
994 667 1309 728 antiquissimis
1340 673 1512 727 tempu-

156 730 280 773 ribus
308 730 446 773 fuisse
477 745 553 773 eos
586 730 737 774 eodem
776 729 870 773 fere
888 729 1016 789 jure,
1041 745 1130 789 quo
1161 737 1286 773 erant
1314 730 1344 773 ii
1365 731 1512 774 muni-

156 793 300 852 cipes,
325 793 402 853 qui
430 791 581 849 (Pauli
616 792 800 836 Diaconi
824 790 865 846 ²)
900 790 1046 836 verbis
1089 792 1275 848 utimur)
1324 808 1381 836 ex
1410 791 1513 838 aliis

156 856 405 898 civitatibus
438 855 623 899 Romam
657 857 895 907 venissent,
928 855 1082 914 quibus
1118 869 1203 898 uon
1235 855 1394 898 ltcebat
1413 870 1512 897 ma·-

156 918 388 977 9istratum
437 932 619 976 capere,
674 918 754 961 sed
803 921 967 959 tantum
1014 917 1206 972 muneris
1236 923 1432 975 partem,
1465 922 1514 960 ut

154 979 341 1039 fuerunt
372 978 585 1031 Cumani,
630 978 877 1033 Acerram,
929 978 1161 1032 Atellani,
1206 980 1283 1039 qui
1313 985 1355 1023 et
1399 980 1515 1023 cives

160 1041 356 1085 Romani
387 1047 537 1095 erunt,
571 1048 613 1084 et
645 1042 690 1084 iu
721 1041 890 1101 leqione
907 1041 1150 1096 merebant,
1185 1041 1265 1085 sed
1279 1041 1515 1102 diqnitates

157 1120 244 1148 non
272 1104 512 1162 capiebant.

287 1166 411 1220 Quae
447 1181 581 1225 quum
612 1166 670 1208 ita
704 1166 814 1218 sint,
848 1167 947 1227 quis
981 1173 1046 1211 est
1067 1166 1169 1226 quin
1199 1165 1369 1215 videat,
1409 1164 1514 1208 Ple·

159 1228 309 1287 bejos,
344 1227 465 1272 nullo
499 1227 643 1271 adhuc
677 1226 821 1285 legum
856 1229 1073 1287 praesidio
1107 1235 1258 1271 contra
1294 1227 1515 1287 potentio-

158 1307 253 1333 rum
288 1306 465 1347 gravem
518 1297 651 1348 atque
682 1304 813 1347 saepe
860 1289 1176 1334 intolerabilem
1218 1289 1514 1346 arrogantiam

159 1352 371 1399 munitos,
421 1353 464 1394 in
498 1367 689 1394 summas
740 1352 936 1395 miserias
970 1360 1012 1396 et
1051 1352 1260 1395 maximas
1290 1351 1515 1408 angustias

158 1414 287 1457 facile
315 1412 472 1456 adduci
509 1429 651 1472 posse.
696 1413 812 1466 Quid
851 1415 964 1458 enim
998 1414 1163 1457 faceret
1196 1414 1350 1457 misera
1376 1412 1449 1473 illa
1473 1420 1517 1456 et

159 1476 335 1519 humilis
368 1474 623 1522 multitudo,
644 1526 648 1531 ·
666 1490 779 1534 quae
812 1475 905 1519 sine
938 1474 1072 1518 dubio
1093 1475 1404 1533 ‚superstitiosa
1423 1473 1516 1518 sol-

159 1537 399 1585 licitudine,
419 1544 467 1580 ut
496 1551 630 1596 saepe
663 1536 800 1587 solet,
836 1536 1062 1591 credebat,
1097 1537 1180 1580 diis
1212 1552 1281 1587 se,
1315 1552 1401 1582 non
1431 1535 1516 1579 bo-

160 1598 372 1646 minibus,
406 1599 626 1641 fortunam
666 1613 787 1641 suam
836 1598 1018 1649 debere,
1067 1606 1129 1647 et,
1174 1598 1217 1641 id
1251 1597 1367 1658 quod
1398 1605 1517 1642 certe

160 1661 217 1706 ab
248 1662 371 1705 initio
403 1661 555 1704 aetatis
590 1676 720 1719 saepe
754 1660 1004 1713 audiverat,
1034 1660 1186 1705 iisdem
1227 1660 1310 1705 diis
1343 1667 1516 1718 gratum

159 1740 279 1776 esse,
310 1739 387 1766 sua
423 1738 641 1783 quemque
673 1730 792 1766 sorte
823 1739 872 1767 se
902 1731 1151 1767 contentum
1172 1722 1394 1783 praebere.
1430 1723 1514 1766 Pa-

160 1787 312 1830 tricius
349 1792 493 1829 autem
526 1801 697 1844 semper
725 1784 896 1845 injure
933 1802 1038 1835 suo,
1081 1793 1131 1829 ut
1164 1793 1282 1830 certe
1311 1787 1393 1846 ipsi
1429 1802 1513 1849 pu-

159 1847 335 1898 tabant,
369 1847 645 1891 defendendo
689 1864 744 1891 ex
789 1848 899 1891 mala
931 1856 1073 1891 mente
1106 1855 1149 1892 et
1181 1848 1298 1908 turpi
1333 1848 1516 1892 consilio

161 1912 323 1968 egisse,
358 1927 438 1954 nos
471 1910 646 1970 quidem
678 1911 852 1954 minime
879 1910 1142 1954 contendere
1158 1910 1380 1954 audemus.
1414 1910 1517 1954 Exi·

247 2034 272 2070 Ι)
295 2035 559 2065 Vociferabantur
592 2035 752 2070 consules,
778 2033 808 2064 C.
830 2034 969 2071 Canuieji
993 2036 1076 2066 illam
1100 2037 1138 2066 de
1160 2035 1319 2067 connubio
1341 2039 1465 2074 patrum
1485 2039 1518 2066 et

159 2088 257 2126 plebis
278 2086 491 2123 rogationem.
514 2086 722 2116 colluvionem
746 2086 905 2124 gentium,
937 2087 1203 2125 perturbationem
1226 2087 1434 2125 auspiciorum
1457 2094 1518 2126 pu-

159 2141 314 2172 blicorum
337 2138 593 2176 privatorumque
615 2138 727 2169 afferre
747 2135 829 2176 (Dia.
851 2137 881 2174 4,
906 2137 950 2176 2),
975 2138 1126 2177 ideoque,
1150 2139 1305 2175 dicebant,
1327 2138 1517 2169 decemviros

161 2191 357 2222 connubium
379 2187 555 2224 diremisse,
593 2196 633 2218 ne
656 2189 774 2220 incerta
807 2190 893 2227 prole
929 2190 1065 2227 auspicia
1093 2190 1294 2220 turbarentur
1311 2187 1393 2226 (Lim
1418 2186 1447 2225 ⁴,
1475 2187 1517 2225 6).

159 2242 254 2274 Nefas
276 2241 366 2278 ajunt
391 2247 471 2276 esse,
493 2240 653 2270 consulem
678 2241 835 2279 plebeium
856 2241 922 2272 fieri
944 2239 1026 2280 (Liv.
1047 2242 1079 2277 4,
1102 2240 1146 2279 3),
1162 2243 1246 2280 quod
1266 2249 1359 2272 nemo
1379 2241 1518 2280 plebeius

161 2294 298 2332 auspicia
322 2294 450 2323 haberet
473 2290 552 2326 (Liv.
575 2292 605 2328 4,
628 2291 670 2328 6),
686 2300 768 2330 quae
792 2293 831 2323 ad
854 2293 995 2331 Plebejos
1017 2294 1182 2324 transferre
1199 2294 1303 2329 netas.
1335 2293 1355 2324 i.
1377 2301 1408 2324 e.
1428 2292 1520 2330 quast

159 2346 287 2376 violatio
315 2344 470 2382 quaedam
500 2343 578 2379 juris
601 2343 714 2379 divini,
742 2349 809 2375 erat
837 2343 917 2382 (Liv-
939 2344 970 2382 7,
994 2344 1023 2375 6.
1065 2343 1183 2385 Lanqe.
1206 2344 1245 2374 R.
1268 2343 1309 2375 A.
1330 2344 1355 2374 1.
1377 2352 1408 2382 p.
1431 2341 1517 2381 211).

158 2397 212 2429 Cir
233 2394 301 2428 Leo.
325 2394 376 2432 10,
399 2394 430 2426 6.

286 2449 332 2480 Ex
359 2455 530 2487 permagna
552 2447 764 2486 exemplorum
786 2447 987 2480 multitudine
1009 2448 1085 2480 haec
1100 2456 1201 2487 pauca
1215 2446 1458 2483 numismati·
1468 2446 1517 2478 sit.

246 2501 281 2540 2)
302 2499 414 2532 Fam
435 2507 466 2538 p.
488 2497 546 2533 131
572 2499 633 2537 (ed.
657 2496 812 2537 Maean).
