<?xml version="1.0" encoding="UTF-8"?>
<!DOCTYPE html PUBLIC "-//W3C//DTD XHTML 1.0 Transitional//EN"
    "http://www.w3.org/TR/xhtml1/DTD/xhtml1-transitional.dtd">
<html xmlns="http://www.w3.org/1999/xhtml" xml:lang="en" lang="en">
 <head>
  <title>
</title>
<meta http-equiv="Content-Type" content="text/html;charset=utf-8" />
  <meta name='ocr-system' content='tesseract 3.04.00' />
  <meta name='ocr-capabilities' content='ocr_page ocr_carea ocr_par ocr_line ocrx_word'/>
</head>
<body>
  <div class='ocr_page' id='page_1' title='image "4737231_0016.png"; bbox 0 0 1696 3019; ppageno 0'>
   <div class='ocr_carea' id='block_1_1' title="bbox 239 266 297 304">
    <p class='ocr_par' dir='ltr' id='par_1_1' title="bbox 239 266 297 304">
     <span class='ocr_line' id='line_1_1' title="bbox 239 266 297 304; baseline 0 0"><span class='ocrx_word' id='word_1_1' title='bbox 239 266 297 304; x_wconf 78' lang='lat' dir='ltr'><strong>to</strong></span> 
     </span>
    </p>
   </div>
   <div class='ocr_carea' id='block_1_2' title="bbox 173 382 1533 564">
    <p class='ocr_par' dir='ltr' id='par_1_2' title="bbox 173 382 1533 564">
     <span class='ocr_line' id='line_1_2' title="bbox 173 382 1532 445; baseline 0.001 -17"><span class='ocrx_word' id='word_1_2' title='bbox 173 384 371 433; x_wconf 80' lang='lat' dir='ltr'><strong>Tullius,</strong></span> <span class='ocrx_word' id='word_1_3' title='bbox 420 398 548 443; x_wconf 89' lang='lat' dir='ltr'><strong>quem</strong></span> <span class='ocrx_word' id='word_1_4' title='bbox 600 382 684 427; x_wconf 88' lang='lat' dir='ltr'><strong>hoc</strong></span> <span class='ocrx_word' id='word_1_5' title='bbox 727 383 824 427; x_wconf 90' lang='lat' dir='ltr'><strong>loco</strong></span> <span class='ocrx_word' id='word_1_6' title='bbox 859 383 916 428; x_wconf 91' lang='lat' dir='ltr'><strong>ob</strong></span> <span class='ocrx_word' id='word_1_7' title='bbox 963 393 1054 427; x_wconf 86' lang='lat' dir='ltr'><strong>eam</strong></span> <span class='ocrx_word' id='word_1_8' title='bbox 1091 386 1325 445; x_wconf 80' lang='lat' dir='ltr'><strong>praecipue</strong></span> <span class='ocrx_word' id='word_1_9' title='bbox 1358 392 1532 429; x_wconf 66' lang='lat' dir='ltr'><strong>causam</strong></span> 
     </span>
     <span class='ocr_line' id='line_1_3' title="bbox 176 445 1533 506; baseline 0.001 -16"><span class='ocrx_word' id='word_1_10' title='bbox 176 447 473 497; x_wconf 78' lang='lat' dir='ltr'>nominamus,</span> <span class='ocrx_word' id='word_1_11' title='bbox 503 445 619 505; x_wconf 85' lang='lat' dir='ltr'><strong>quod</strong></span> <span class='ocrx_word' id='word_1_12' title='bbox 656 446 844 505; x_wconf 85' lang='lat' dir='ltr'><strong>primus,</strong></span> <span class='ocrx_word' id='word_1_13' title='bbox 876 453 924 489; x_wconf 90' lang='lat' dir='ltr'><strong>ut</strong></span> <span class='ocrx_word' id='word_1_14' title='bbox 955 448 1185 490; x_wconf 77' lang='lat' dir='ltr'><strong>memoriae</strong></span> <span class='ocrx_word' id='word_1_15' title='bbox 1200 446 1419 506; x_wconf 80' lang='lat' dir='ltr'><strong>proditum</strong></span> <span class='ocrx_word' id='word_1_16' title='bbox 1446 454 1533 500; x_wconf 78' lang='lat' dir='ltr'><strong>est,</strong></span> 
     </span>
     <span class='ocr_line' id='line_1_4' title="bbox 175 508 1533 564; baseline -0.001 -11"><span class='ocrx_word' id='word_1_17' title='bbox 175 509 447 557; x_wconf 84' lang='lat' dir='ltr'><strong>divitiarum,</strong></span> <span class='ocrx_word' id='word_1_18' title='bbox 498 524 584 551; x_wconf 94' lang='lat' dir='ltr'><strong>nou</strong></span> <span class='ocrx_word' id='word_1_19' title='bbox 632 509 825 564; x_wconf 85' lang='lat' dir='ltr'><strong>generis,</strong></span> <span class='ocrx_word' id='word_1_20' title='bbox 875 509 1042 552; x_wconf 82' lang='lat' dir='ltr'><strong>ratione</strong></span> <span class='ocrx_word' id='word_1_21' title='bbox 1077 508 1240 560; x_wconf 83' lang='lat' dir='ltr'><strong>habita,</strong></span> <span class='ocrx_word' id='word_1_22' title='bbox 1278 511 1533 553; x_wconf 80' lang='lat' dir='ltr'><strong>immensum</strong></span> 
     </span>
    </p>
   </div>
   <div class='ocr_carea' id='block_1_3' title="bbox 177 570 1579 651">
    <p class='ocr_par' dir='ltr' id='par_1_3' title="bbox 177 570 1579 651">
     <span class='ocr_line' id='line_1_5' title="bbox 177 570 1579 651; baseline 0.001 -36"><span class='ocrx_word' id='word_1_23' title='bbox 177 571 285 615; x_wconf 88' lang='lat' dir='ltr'><strong>illud</strong></span> <span class='ocrx_word' id='word_1_24' title='bbox 319 572 433 614; x_wconf 86' lang='lat' dir='ltr'><strong>inter</strong></span> <span class='ocrx_word' id='word_1_25' title='bbox 468 570 681 614; x_wconf 80' lang='lat' dir='ltr'><strong>Patricius</strong></span> <span class='ocrx_word' id='word_1_26' title='bbox 715 578 756 614; x_wconf 88' lang='lat' dir='ltr'><strong>et</strong></span> <span class='ocrx_word' id='word_1_27' title='bbox 790 570 997 630; x_wconf 87' lang='lat' dir='ltr'><strong>Plebejos</strong></span> <span class='ocrx_word' id='word_1_28' title='bbox 1032 572 1308 616; x_wconf 85' lang='lat' dir='ltr'><strong>intervallum</strong></span> <span class='ocrx_word' id='word_1_29' title='bbox 1344 570 1532 651; x_wconf 84' lang='lat' dir='ltr'><strong>quodam</strong></span> <span class='ocrx_word' id='word_1_30' title='bbox 1575 628 1579 632; x_wconf 77' lang='lat'><em>,</em></span> 
     </span>
    </p>
   </div>
   <div class='ocr_carea' id='block_1_4' title="bbox 176 633 1537 1996">
    <p class='ocr_par' dir='ltr' id='par_1_4' title="bbox 176 633 1136 692">
     <span class='ocr_line' id='line_1_6' title="bbox 176 633 1136 692; baseline -0.002 -13"><span class='ocrx_word' id='word_1_31' title='bbox 176 634 305 679; x_wconf 90' lang='lat' dir='ltr'><strong>modo</strong></span> <span class='ocrx_word' id='word_1_32' title='bbox 338 634 574 677; x_wconf 79' lang='lat' dir='ltr'><strong>removisse</strong></span> <span class='ocrx_word' id='word_1_33' title='bbox 610 634 762 676; x_wconf 87' lang='lat' dir='ltr'><strong>merito</strong></span> <span class='ocrx_word' id='word_1_34' title='bbox 797 634 882 677; x_wconf 87' lang='lat' dir='ltr'><strong>dici</strong></span> <span class='ocrx_word' id='word_1_35' title='bbox 919 641 1061 692; x_wconf 85' lang='lat' dir='ltr'><strong>potest</strong></span> <span class='ocrx_word' id='word_1_36' title='bbox 1085 633 1136 689; x_wconf 88' lang='lat'><strong>¹).</strong></span> 
     </span>
    </p>

    <p class='ocr_par' dir='ltr' id='par_1_5' title="bbox 176 695 1537 1996">
     <span class='ocr_line' id='line_1_7' title="bbox 305 695 1534 746; baseline 0.002 -9"><span class='ocrx_word' id='word_1_37' title='bbox 305 695 417 746; x_wconf 89' lang='lat' dir='ltr'><strong>Sed,</strong></span> <span class='ocrx_word' id='word_1_38' title='bbox 430 697 580 738; x_wconf 89' lang='lat' dir='ltr'><strong>etiam</strong></span> <span class='ocrx_word' id='word_1_39' title='bbox 615 701 650 737; x_wconf 91' lang='lat' dir='ltr'><strong>si</strong></span> <span class='ocrx_word' id='word_1_40' title='bbox 686 696 864 739; x_wconf 81' lang='lat' dir='ltr'><strong>Servius</strong></span> <span class='ocrx_word' id='word_1_41' title='bbox 903 696 1008 738; x_wconf 90' lang='lat' dir='ltr'><strong>illud</strong></span> <span class='ocrx_word' id='word_1_42' title='bbox 1043 697 1096 738; x_wconf 89' lang='lat' dir='ltr'><strong>ad</strong></span> <span class='ocrx_word' id='word_1_43' title='bbox 1118 697 1337 739; x_wconf 86' lang='lat' dir='ltr'><strong>civitatem</strong></span> <span class='ocrx_word' id='word_1_44' title='bbox 1359 695 1534 739; x_wconf 75' lang='lat' dir='ltr'><strong>lit-man—</strong></span> 
     </span>
     <span class='ocr_line' id='line_1_8' title="bbox 179 757 1535 817; baseline 0.001 -17"><span class='ocrx_word' id='word_1_45' title='bbox 179 757 278 800; x_wconf 83' lang='lat' dir='ltr'><strong>dam</strong></span> <span class='ocrx_word' id='word_1_46' title='bbox 313 757 766 817; x_wconf 83' lang='lat' dir='ltr'><strong>corroberandamque</strong></span> <span class='ocrx_word' id='word_1_47' title='bbox 799 759 1020 815; x_wconf 79' lang='lat' dir='ltr'><strong>egregium</strong></span> <span class='ocrx_word' id='word_1_48' title='bbox 1041 774 1151 817; x_wconf 87' lang='lat' dir='ltr'><strong>opus</strong></span> <span class='ocrx_word' id='word_1_49' title='bbox 1174 758 1411 817; x_wconf 75' lang='lat' dir='ltr'><strong>perfecisse</strong></span> <span class='ocrx_word' id='word_1_50' title='bbox 1432 767 1535 806; x_wconf 80' lang='lat' dir='ltr'><strong>nec,</strong></span> 
     </span>
     <span class='ocr_line' id='line_1_9' title="bbox 176 819 1535 880; baseline 0 -18"><span class='ocrx_word' id='word_1_51' title='bbox 176 827 225 862; x_wconf 93' lang='lat' dir='ltr'><strong>ut</strong></span> <span class='ocrx_word' id='word_1_52' title='bbox 255 819 452 863; x_wconf 81' lang='lat' dir='ltr'>nonnulli</span> <span class='ocrx_word' id='word_1_53' title='bbox 474 819 514 872; x_wconf 78' lang='lat'><strong>²)</strong></span> <span class='ocrx_word' id='word_1_54' title='bbox 549 819 756 868; x_wconf 87' lang='lat' dir='ltr'><strong>credunt,</strong></span> <span class='ocrx_word' id='word_1_55' title='bbox 793 819 1042 862; x_wconf 80' lang='lat' dir='ltr'><strong>inchoatum</strong></span> <span class='ocrx_word' id='word_1_56' title='bbox 1064 820 1294 880; x_wconf 77' lang='lat' dir='ltr'><strong>reliquisse</strong></span> <span class='ocrx_word' id='word_1_57' title='bbox 1314 819 1535 879; x_wconf 82' lang='lat' dir='ltr'><strong>putandus</strong></span> 
     </span>
     <span class='ocr_line' id='line_1_10' title="bbox 179 881 1537 942; baseline 0 -17"><span class='ocrx_word' id='word_1_58' title='bbox 179 889 271 936; x_wconf 84' lang='lat' dir='ltr'><strong>est,</strong></span> <span class='ocrx_word' id='word_1_59' title='bbox 307 889 451 925; x_wconf 88' lang='lat' dir='ltr'><strong>tamen</strong></span> <span class='ocrx_word' id='word_1_60' title='bbox 476 881 633 941; x_wconf 83' lang='lat' dir='ltr'><strong>liquet,</strong></span> <span class='ocrx_word' id='word_1_61' title='bbox 670 882 712 925; x_wconf 85' lang='lat' dir='ltr'><strong>id</strong></span> <span class='ocrx_word' id='word_1_62' title='bbox 751 882 868 941; x_wconf 87' lang='lat' dir='ltr'><strong>quod</strong></span> <span class='ocrx_word' id='word_1_63' title='bbox 899 883 1026 926; x_wconf 77' lang='lat' dir='ltr'><strong>etiam</strong></span> <span class='ocrx_word' id='word_1_64' title='bbox 1078 883 1121 925; x_wconf 91' lang='lat' dir='ltr'><strong>in</strong></span> <span class='ocrx_word' id='word_1_65' title='bbox 1151 885 1243 942; x_wconf 88' lang='lat' dir='ltr'><strong>ipsa</strong></span> <span class='ocrx_word' id='word_1_66' title='bbox 1274 898 1417 926; x_wconf 85' lang='lat' dir='ltr'><strong>rerum</strong></span> <span class='ocrx_word' id='word_1_67' title='bbox 1453 882 1537 925; x_wconf 46' lang='lat' dir='ltr'><strong>ua&#39;-‘</strong></span> 
     </span>
     <span class='ocr_line' id='line_1_11' title="bbox 182 943 1536 1004; baseline 0 -17"><span class='ocrx_word' id='word_1_68' title='bbox 182 951 280 987; x_wconf 86' lang='lat' dir='ltr'><strong>tura</strong></span> <span class='ocrx_word' id='word_1_69' title='bbox 319 946 510 1004; x_wconf 86' lang='lat' dir='ltr'><strong>positum</strong></span> <span class='ocrx_word' id='word_1_70' title='bbox 545 960 640 986; x_wconf 87' lang='lat' dir='ltr'><strong>esse</strong></span> <span class='ocrx_word' id='word_1_71' title='bbox 691 944 874 996; x_wconf 87' lang='lat' dir='ltr'><strong>videtur,</strong></span> <span class='ocrx_word' id='word_1_72' title='bbox 925 960 1009 987; x_wconf 88' lang='lat' dir='ltr'><strong>non</strong></span> <span class='ocrx_word' id='word_1_73' title='bbox 1060 945 1140 987; x_wconf 88' lang='lat' dir='ltr'><strong>nisi</strong></span> <span class='ocrx_word' id='word_1_74' title='bbox 1187 944 1303 988; x_wconf 88' lang='lat' dir='ltr'><strong>lente</strong></span> <span class='ocrx_word' id='word_1_75' title='bbox 1337 952 1380 988; x_wconf 86' lang='lat' dir='ltr'><strong>et</strong></span> <span class='ocrx_word' id='word_1_76' title='bbox 1413 943 1536 988; x_wconf 81' lang='lat' dir='ltr'><strong>tarde</strong></span> 
     </span>
     <span class='ocr_line' id='line_1_12' title="bbox 179 1006 1534 1067; baseline 0.001 -17"><span class='ocrx_word' id='word_1_77' title='bbox 179 1006 289 1050; x_wconf 89' lang='lat' dir='ltr'><strong>duas</strong></span> <span class='ocrx_word' id='word_1_78' title='bbox 323 1014 410 1048; x_wconf 87' lang='lat' dir='ltr'><strong>tam</strong></span> <span class='ocrx_word' id='word_1_79' title='bbox 447 1007 559 1049; x_wconf 83' lang='lat' dir='ltr'><strong>inter</strong></span> <span class='ocrx_word' id='word_1_80' title='bbox 583 1022 629 1049; x_wconf 90' lang='lat' dir='ltr'><strong>se</strong></span> <span class='ocrx_word' id='word_1_81' title='bbox 664 1006 826 1050; x_wconf 88' lang='lat' dir='ltr'><strong>alienas</strong></span> <span class='ocrx_word' id='word_1_82' title='bbox 859 1014 901 1050; x_wconf 91' lang='lat' dir='ltr'><strong>et</strong></span> <span class='ocrx_word' id='word_1_83' title='bbox 950 1006 1146 1050; x_wconf 84' lang='lat' dir='ltr'><strong>diversas</strong></span> <span class='ocrx_word' id='word_1_84' title='bbox 1187 1015 1338 1064; x_wconf 85' lang='lat' dir='ltr'><strong>gentes</strong></span> <span class='ocrx_word' id='word_1_85' title='bbox 1370 1008 1413 1049; x_wconf 88' lang='lat' dir='ltr'><strong>in</strong></span> <span class='ocrx_word' id='word_1_86' title='bbox 1450 1013 1534 1067; x_wconf 87' lang='lat' dir='ltr'><strong>po-</strong></span> 
     </span>
     <span class='ocr_line' id='line_1_13' title="bbox 179 1064 1535 1128; baseline -0.001 -15"><span class='ocrx_word' id='word_1_87' title='bbox 179 1069 268 1128; x_wconf 88' lang='lat' dir='ltr'><strong>poli</strong></span> <span class='ocrx_word' id='word_1_88' title='bbox 318 1070 448 1112; x_wconf 91' lang='lat' dir='ltr'><strong>unius</strong></span> <span class='ocrx_word' id='word_1_89' title='bbox 506 1085 666 1128; x_wconf 84' lang='lat' dir='ltr'><strong>corpus</strong></span> <span class='ocrx_word' id='word_1_90' title='bbox 717 1070 960 1112; x_wconf 75' lang='lat' dir='ltr'><strong>coalescere</strong></span> <span class='ocrx_word' id='word_1_91' title='bbox 1010 1064 1216 1127; x_wconf 81' lang='lat' dir='ltr'><strong>potuisse.</strong></span> <span class='ocrx_word' id='word_1_92' title='bbox 1300 1070 1395 1112; x_wconf 84' lang='lat' dir='ltr'><strong>Hoc</strong></span> <span class='ocrx_word' id='word_1_93' title='bbox 1423 1069 1535 1112; x_wconf 88' lang='lat' dir='ltr'><strong>idem</strong></span> 
     </span>
     <span class='ocr_line' id='line_1_14' title="bbox 178 1131 1535 1191; baseline -0.001 -16"><span class='ocrx_word' id='word_1_94' title='bbox 178 1133 345 1175; x_wconf 88' lang='lat' dir='ltr'><strong>Romae</strong></span> <span class='ocrx_word' id='word_1_95' title='bbox 380 1131 542 1173; x_wconf 85' lang='lat' dir='ltr'><strong>factum</strong></span> <span class='ocrx_word' id='word_1_96' title='bbox 576 1147 692 1180; x_wconf 87' lang='lat' dir='ltr'><strong>esse,</strong></span> <span class='ocrx_word' id='word_1_97' title='bbox 727 1132 972 1188; x_wconf 85' lang='lat' dir='ltr'><strong>intelligere</strong></span> <span class='ocrx_word' id='word_1_98' title='bbox 991 1148 1221 1189; x_wconf 88' lang='lat' dir='ltr'><strong>possumus</strong></span> <span class='ocrx_word' id='word_1_99' title='bbox 1243 1147 1295 1172; x_wconf 88' lang='lat' dir='ltr'><strong>ex</strong></span> <span class='ocrx_word' id='word_1_100' title='bbox 1321 1147 1393 1180; x_wconf 89' lang='lat' dir='ltr'><strong>eo,</strong></span> <span class='ocrx_word' id='word_1_101' title='bbox 1417 1131 1535 1191; x_wconf 88' lang='lat' dir='ltr'><strong>quod</strong></span> 
     </span>
     <span class='ocr_line' id='line_1_15' title="bbox 179 1192 1536 1254; baseline -0.001 -17"><span class='ocrx_word' id='word_1_102' title='bbox 179 1195 348 1254; x_wconf 79' lang='lat' dir='ltr'><strong>aliquot</strong></span> <span class='ocrx_word' id='word_1_103' title='bbox 395 1193 553 1236; x_wconf 89' lang='lat' dir='ltr'><strong>seculis</strong></span> <span class='ocrx_word' id='word_1_104' title='bbox 604 1200 703 1253; x_wconf 91' lang='lat' dir='ltr'><strong>post</strong></span> <span class='ocrx_word' id='word_1_105' title='bbox 754 1193 967 1236; x_wconf 87' lang='lat' dir='ltr'><strong>Patricios</strong></span> <span class='ocrx_word' id='word_1_106' title='bbox 1000 1200 1041 1236; x_wconf 88' lang='lat' dir='ltr'><strong>et</strong></span> <span class='ocrx_word' id='word_1_107' title='bbox 1082 1192 1310 1253; x_wconf 77' lang='lat' dir='ltr'><strong>Plebejos,</strong></span> <span class='ocrx_word' id='word_1_108' title='bbox 1347 1193 1536 1237; x_wconf 79' lang='lat' dir='ltr'><strong>hostium</strong></span> 
     </span>
     <span class='ocr_line' id='line_1_16' title="bbox 179 1256 1533 1307; baseline -0.002 -6"><span class='ocrx_word' id='word_1_109' title='bbox 179 1257 273 1301; x_wconf 77' lang='lat' dir='ltr'><strong>fere</strong></span> <span class='ocrx_word' id='word_1_110' title='bbox 306 1271 447 1307; x_wconf 80' lang='lat' dir='ltr'><strong>more,</strong></span> <span class='ocrx_word' id='word_1_111' title='bbox 479 1272 643 1297; x_wconf 88' lang='lat' dir='ltr'><strong>summa</strong></span> <span class='ocrx_word' id='word_1_112' title='bbox 679 1258 953 1298; x_wconf 79' lang='lat' dir='ltr'><strong>contentione</strong></span> <span class='ocrx_word' id='word_1_113' title='bbox 982 1256 1095 1299; x_wconf 87' lang='lat' dir='ltr'><strong>inter</strong></span> <span class='ocrx_word' id='word_1_114' title='bbox 1134 1272 1181 1299; x_wconf 93' lang='lat' dir='ltr'><strong>se</strong></span> <span class='ocrx_word' id='word_1_115' title='bbox 1218 1263 1434 1298; x_wconf 78' lang='lat' dir='ltr'><strong>certantes</strong></span> <span class='ocrx_word' id='word_1_116' title='bbox 1466 1256 1533 1298; x_wconf 89' lang='lat' dir='ltr'><strong>in·</strong></span> 
     </span>
     <span class='ocr_line' id='line_1_17' title="bbox 181 1316 1536 1376; baseline 0 -15"><span class='ocrx_word' id='word_1_117' title='bbox 181 1319 377 1363; x_wconf 83' lang='lat' dir='ltr'><strong>venimus</strong></span> <span class='ocrx_word' id='word_1_118' title='bbox 401 1316 457 1373; x_wconf 84' lang='lat'><strong>³).</strong></span> <span class='ocrx_word' id='word_1_119' title='bbox 521 1318 793 1376; x_wconf 82' lang='lat' dir='ltr'><strong>Quamquam</strong></span> <span class='ocrx_word' id='word_1_120' title='bbox 828 1319 959 1374; x_wconf 79' lang='lat' dir='ltr'><strong>igilur</strong></span> <span class='ocrx_word' id='word_1_121' title='bbox 989 1318 1129 1361; x_wconf 86' lang='lat' dir='ltr'><strong>Servii</strong></span> <span class='ocrx_word' id='word_1_122' title='bbox 1157 1317 1290 1360; x_wconf 85' lang='lat' dir='ltr'><strong>Tullii</strong></span> <span class='ocrx_word' id='word_1_123' title='bbox 1311 1317 1536 1369; x_wconf 80' lang='lat' dir='ltr'><strong>beneficio,</strong></span> 
     </span>
     <span class='ocr_line' id='line_1_18' title="bbox 181 1379 1536 1439; baseline -0.001 -15"><span class='ocrx_word' id='word_1_124' title='bbox 181 1389 229 1424; x_wconf 92' lang='lat' dir='ltr'><strong>ut</strong></span> <span class='ocrx_word' id='word_1_125' title='bbox 262 1380 468 1424; x_wconf 86' lang='lat' dir='ltr'><strong>traditum</strong></span> <span class='ocrx_word' id='word_1_126' title='bbox 503 1388 590 1429; x_wconf 86' lang='lat' dir='ltr'><strong>est,</strong></span> <span class='ocrx_word' id='word_1_127' title='bbox 621 1382 664 1422; x_wconf 91' lang='lat' dir='ltr'><strong>in</strong></span> <span class='ocrx_word' id='word_1_128' title='bbox 700 1382 954 1423; x_wconf 83' lang='lat' dir='ltr'><strong>centuriatis</strong></span> <span class='ocrx_word' id='word_1_129' title='bbox 982 1379 1021 1434; x_wconf 84' lang='lat'><strong>⁴)</strong></span> <span class='ocrx_word' id='word_1_130' title='bbox 1057 1382 1265 1428; x_wconf 85' lang='lat' dir='ltr'><strong>comitiis,</strong></span> <span class='ocrx_word' id='word_1_131' title='bbox 1308 1396 1422 1439; x_wconf 87' lang='lat' dir='ltr'><strong>quae</strong></span> <span class='ocrx_word' id='word_1_132' title='bbox 1456 1396 1536 1422; x_wconf 91' lang='lat' dir='ltr'><strong>vo-</strong></span> 
     </span>
     <span class='ocr_line' id='line_1_19' title="bbox 180 1441 1535 1500; baseline -0.001 -15"><span class='ocrx_word' id='word_1_133' title='bbox 180 1450 349 1490; x_wconf 86' lang='lat' dir='ltr'><strong>cantur,</strong></span> <span class='ocrx_word' id='word_1_134' title='bbox 380 1441 455 1499; x_wconf 83' lang='lat' dir='ltr'><strong>jus</strong></span> <span class='ocrx_word' id='word_1_135' title='bbox 485 1442 682 1497; x_wconf 78' lang='lat' dir='ltr'><strong>suffragii</strong></span> <span class='ocrx_word' id='word_1_136' title='bbox 723 1441 868 1484; x_wconf 85' lang='lat' dir='ltr'><strong>datum</strong></span> <span class='ocrx_word' id='word_1_137' title='bbox 900 1450 1013 1484; x_wconf 87' lang='lat' dir='ltr'><strong>esset</strong></span> <span class='ocrx_word' id='word_1_138' title='bbox 1046 1441 1260 1500; x_wconf 84' lang='lat' dir='ltr'><strong>Plebejis‚</strong></span> <span class='ocrx_word' id='word_1_139' title='bbox 1293 1450 1434 1485; x_wconf 84' lang='lat' dir='ltr'><strong>tamen</strong></span> <span class='ocrx_word' id='word_1_140' title='bbox 1467 1443 1535 1483; x_wconf 91' lang='lat' dir='ltr'><strong>ui-</strong></span> 
     </span>
     <span class='ocr_line' id='line_1_20' title="bbox 181 1503 1536 1563; baseline -0.001 -15"><span class='ocrx_word' id='word_1_141' title='bbox 181 1505 270 1548; x_wconf 85' lang='lat' dir='ltr'><strong>hilo</strong></span> <span class='ocrx_word' id='word_1_142' title='bbox 319 1505 481 1552; x_wconf 83' lang='lat' dir='ltr'><strong>minus,</strong></span> <span class='ocrx_word' id='word_1_143' title='bbox 535 1504 725 1562; x_wconf 83' lang='lat' dir='ltr'><strong>antiquis</strong></span> <span class='ocrx_word' id='word_1_144' title='bbox 777 1505 1031 1563; x_wconf 85' lang='lat' dir='ltr'><strong>praesertim</strong></span> <span class='ocrx_word' id='word_1_145' title='bbox 1080 1503 1368 1562; x_wconf 79' lang='lat' dir='ltr'><strong>temporibus,</strong></span> <span class='ocrx_word' id='word_1_146' title='bbox 1402 1503 1536 1547; x_wconf 87' lang='lat' dir='ltr'><strong>multo</strong></span> 
     </span>
     <span class='ocr_line' id='line_1_21' title="bbox 182 1565 1535 1610; baseline -0.001 0"><span class='ocrx_word' id='word_1_147' title='bbox 182 1572 308 1610; x_wconf 89' lang='lat' dir='ltr'><strong>erant</strong></span> <span class='ocrx_word' id='word_1_148' title='bbox 359 1565 563 1607; x_wconf 86' lang='lat' dir='ltr'><strong>Patrieiis</strong></span> <span class='ocrx_word' id='word_1_149' title='bbox 614 1566 656 1606; x_wconf 91' lang='lat' dir='ltr'><strong>in</strong></span> <span class='ocrx_word' id='word_1_150' title='bbox 708 1565 908 1608; x_wconf 84' lang='lat' dir='ltr'><strong>civilibus</strong></span> <span class='ocrx_word' id='word_1_151' title='bbox 943 1565 1073 1608; x_wconf 88' lang='lat' dir='ltr'><strong>rebus</strong></span> <span class='ocrx_word' id='word_1_152' title='bbox 1118 1565 1359 1609; x_wconf 85' lang='lat' dir='ltr'><strong>inferiores.</strong></span> <span class='ocrx_word' id='word_1_153' title='bbox 1424 1566 1535 1608; x_wconf 85' lang='lat' dir='ltr'><strong>Nam</strong></span> 
     </span>
     <span class='ocr_line' id='line_1_22' title="bbox 183 1626 1536 1689; baseline 0.001 -18"><span class='ocrx_word' id='word_1_154' title='bbox 183 1630 367 1689; x_wconf 83' lang='lat' dir='ltr'><strong>primum</strong></span> <span class='ocrx_word' id='word_1_155' title='bbox 401 1626 757 1670; x_wconf 86' lang='lat' dir='ltr'><strong>verisimillimum</strong></span> <span class='ocrx_word' id='word_1_156' title='bbox 798 1634 864 1671; x_wconf 83' lang='lat' dir='ltr'><strong>est</strong></span> <span class='ocrx_word' id='word_1_157' title='bbox 901 1653 953 1660; x_wconf 94' lang='lat'><strong>—</strong></span> <span class='ocrx_word' id='word_1_158' title='bbox 987 1644 1128 1688; x_wconf 88' lang='lat' dir='ltr'><strong>neque</strong></span> <span class='ocrx_word' id='word_1_159' title='bbox 1160 1628 1272 1671; x_wconf 89' lang='lat' dir='ltr'><strong>enim</strong></span> <span class='ocrx_word' id='word_1_160' title='bbox 1301 1628 1536 1688; x_wconf 82' lang='lat' dir='ltr'><strong>quicquam</strong></span> 
     </span>
     <span class='ocr_line' id='line_1_23' title="bbox 181 1688 1534 1748; baseline -0.002 -14"><span class='ocrx_word' id='word_1_161' title='bbox 181 1693 226 1734; x_wconf 90' lang='lat' dir='ltr'><strong>in</strong></span> <span class='ocrx_word' id='word_1_162' title='bbox 263 1698 350 1733; x_wconf 88' lang='lat' dir='ltr'><strong>tam</strong></span> <span class='ocrx_word' id='word_1_163' title='bbox 383 1688 571 1732; x_wconf 90' lang='lat' dir='ltr'><strong>obscura</strong></span> <span class='ocrx_word' id='word_1_164' title='bbox 606 1704 653 1731; x_wconf 89' lang='lat' dir='ltr'><strong>re</strong></span> <span class='ocrx_word' id='word_1_165' title='bbox 679 1705 759 1747; x_wconf 90' lang='lat' dir='ltr'><strong>pro</strong></span> <span class='ocrx_word' id='word_1_166' title='bbox 784 1697 904 1733; x_wconf 89' lang='lat' dir='ltr'><strong>certo</strong></span> <span class='ocrx_word' id='word_1_167' title='bbox 936 1692 1065 1733; x_wconf 88' lang='lat' dir='ltr'><strong>statui</strong></span> <span class='ocrx_word' id='word_1_168' title='bbox 1113 1697 1257 1748; x_wconf 84' lang='lat' dir='ltr'><strong>potest</strong></span> <span class='ocrx_word' id='word_1_169' title='bbox 1291 1716 1348 1724; x_wconf 93' lang='lat'>—</span> <span class='ocrx_word' id='word_1_170' title='bbox 1387 1690 1534 1733; x_wconf 88' lang='lat' dir='ltr'><strong>Patri-</strong></span> 
     </span>
     <span class='ocr_line' id='line_1_24' title="bbox 183 1749 1536 1810; baseline -0.001 -14"><span class='ocrx_word' id='word_1_171' title='bbox 183 1754 275 1797; x_wconf 89' lang='lat' dir='ltr'><strong>cios</strong></span> <span class='ocrx_word' id='word_1_172' title='bbox 310 1752 439 1795; x_wconf 88' lang='lat' dir='ltr'><strong>etiam</strong></span> <span class='ocrx_word' id='word_1_173' title='bbox 473 1751 516 1793; x_wconf 88' lang='lat' dir='ltr'><strong>iu</strong></span> <span class='ocrx_word' id='word_1_174' title='bbox 549 1751 601 1793; x_wconf 88' lang='lat' dir='ltr'><strong>iis</strong></span> <span class='ocrx_word' id='word_1_175' title='bbox 634 1752 840 1801; x_wconf 90' lang='lat' dir='ltr'><strong>comitiis,</strong></span> <span class='ocrx_word' id='word_1_176' title='bbox 878 1749 953 1793; x_wconf 90' lang='lat' dir='ltr'><strong>ubi</strong></span> <span class='ocrx_word' id='word_1_177' title='bbox 979 1767 1064 1794; x_wconf 89' lang='lat' dir='ltr'><strong>una</strong></span> <span class='ocrx_word' id='word_1_178' title='bbox 1100 1766 1197 1795; x_wconf 89' lang='lat' dir='ltr'><strong>cnm</strong></span> <span class='ocrx_word' id='word_1_179' title='bbox 1220 1751 1411 1810; x_wconf 87' lang='lat' dir='ltr'><strong>Plebejis</strong></span> <span class='ocrx_word' id='word_1_180' title='bbox 1428 1751 1536 1795; x_wconf 81' lang='lat' dir='ltr'><strong>sere·</strong></span> 
     </span>
     <span class='ocr_line' id='line_1_25' title="bbox 183 1811 1537 1871; baseline -0.002 -13"><span class='ocrx_word' id='word_1_181' title='bbox 183 1814 291 1858; x_wconf 88' lang='lat' dir='ltr'><strong>bant</strong></span> <span class='ocrx_word' id='word_1_182' title='bbox 323 1813 554 1870; x_wconf 82' lang='lat' dir='ltr'><strong>suffragia,</strong></span> <span class='ocrx_word' id='word_1_183' title='bbox 594 1811 825 1871; x_wconf 88' lang='lat' dir='ltr'><strong>plurimum</strong></span> <span class='ocrx_word' id='word_1_184' title='bbox 860 1812 1055 1857; x_wconf 85' lang='lat' dir='ltr'><strong>valuisse.</strong></span> <span class='ocrx_word' id='word_1_185' title='bbox 1122 1814 1259 1856; x_wconf 88' lang='lat' dir='ltr'><strong>Erant</strong></span> <span class='ocrx_word' id='word_1_186' title='bbox 1293 1819 1404 1856; x_wconf 90' lang='lat' dir='ltr'><strong>enim</strong></span> <span class='ocrx_word' id='word_1_187' title='bbox 1443 1814 1537 1856; x_wconf 89' lang='lat' dir='ltr'><strong>sine</strong></span> 
     </span>
     <span class='ocr_line' id='line_1_26' title="bbox 182 1874 1535 1934; baseline -0.002 -14"><span class='ocrx_word' id='word_1_188' title='bbox 182 1875 318 1920; x_wconf 89' lang='lat' dir='ltr'><strong>dubio</strong></span> <span class='ocrx_word' id='word_1_189' title='bbox 352 1889 432 1933; x_wconf 85' lang='lat' dir='ltr'><strong>pro</strong></span> <span class='ocrx_word' id='word_1_190' title='bbox 464 1889 512 1918; x_wconf 90' lang='lat' dir='ltr'><strong>se</strong></span> <span class='ocrx_word' id='word_1_191' title='bbox 542 1875 729 1933; x_wconf 90' lang='lat' dir='ltr'><strong>quisque</strong></span> <span class='ocrx_word' id='word_1_192' title='bbox 778 1874 940 1917; x_wconf 89' lang='lat' dir='ltr'><strong>divitiis</strong></span> <span class='ocrx_word' id='word_1_193' title='bbox 990 1876 1226 1934; x_wconf 89' lang='lat' dir='ltr'><strong>unicuique</strong></span> <span class='ocrx_word' id='word_1_194' title='bbox 1255 1874 1535 1934; x_wconf 90' lang='lat' dir='ltr'><strong>Plebejorum</strong></span> 
     </span>
     <span class='ocr_line' id='line_1_27' title="bbox 182 1936 1535 1996; baseline -0.001 -14"><span class='ocrx_word' id='word_1_195' title='bbox 182 1939 358 1983; x_wconf 90' lang='lat' dir='ltr'><strong>omnino</strong></span> <span class='ocrx_word' id='word_1_196' title='bbox 380 1952 529 1995; x_wconf 89' lang='lat' dir='ltr'><strong>pares,</strong></span> <span class='ocrx_word' id='word_1_197' title='bbox 551 1936 770 1996; x_wconf 88' lang='lat' dir='ltr'><strong>plerisque</strong></span> <span class='ocrx_word' id='word_1_198' title='bbox 788 1938 1035 1996; x_wconf 86' lang='lat' dir='ltr'><strong>superiores</strong></span> <span class='ocrx_word' id='word_1_199' title='bbox 1055 1936 1111 1993; x_wconf 81' lang='lat'><strong>⁵).</strong></span> <span class='ocrx_word' id='word_1_200' title='bbox 1153 1937 1319 1981; x_wconf 85' lang='lat' dir='ltr'><strong>Deinde</strong></span> <span class='ocrx_word' id='word_1_201' title='bbox 1344 1944 1535 1986; x_wconf 86' lang='lat' dir='ltr'><strong>constat,</strong></span> 
     </span>
    </p>
   </div>
   <div class='ocr_carea' id='block_1_5' title="bbox 179 2038 427 2047">
    <p class='ocr_par' dir='ltr' id='par_1_6' title="bbox 179 2038 427 2047">
     <span class='ocr_line' id='line_1_28' title="bbox 179 2038 427 2047; baseline 0 972"><span class='ocrx_word' id='word_1_202' title='bbox 179 2038 427 2047; x_wconf 95' lang='lat' dir='ltr'><strong> </strong></span> 
     </span>
    </p>
   </div>
   <div class='ocr_carea' id='block_1_6' title="bbox 180 2069 1539 2629">
    <p class='ocr_par' dir='ltr' id='par_1_7' title="bbox 271 2069 1471 2114">
     <span class='ocr_line' id='line_1_29' title="bbox 271 2069 1471 2114; baseline 0.001 -11"><span class='ocrx_word' id='word_1_203' title='bbox 271 2072 302 2110; x_wconf 85' lang='lat'><strong>1)</strong></span> <span class='ocrx_word' id='word_1_204' title='bbox 325 2071 427 2109; x_wconf 79' lang='lat' dir='ltr'><strong>Peter,</strong></span> <span class='ocrx_word' id='word_1_205' title='bbox 450 2070 488 2101; x_wconf 86' lang='lat' dir='ltr'><strong>G.</strong></span> <span class='ocrx_word' id='word_1_206' title='bbox 512 2072 550 2102; x_wconf 86' lang='lat' dir='ltr'><strong>R.</strong></span> <span class='ocrx_word' id='word_1_207' title='bbox 574 2071 598 2100; x_wconf 87' lang='lat'><strong>1.</strong></span> <span class='ocrx_word' id='word_1_208' title='bbox 622 2078 651 2107; x_wconf 82' lang='lat' dir='ltr'><strong>p.</strong></span> <span class='ocrx_word' id='word_1_209' title='bbox 671 2069 711 2100; x_wconf 83' lang='lat'><strong>47</strong></span> <span class='ocrx_word' id='word_1_210' title='bbox 734 2071 820 2110; x_wconf 64' lang='lat' dir='ltr'><strong>sequ.</strong></span> <span class='ocrx_word' id='word_1_211' title='bbox 866 2071 1050 2114; x_wconf 73' lang='lat' dir='ltr'><strong>Schweyler,</strong></span> <span class='ocrx_word' id='word_1_212' title='bbox 1074 2073 1112 2104; x_wconf 91' lang='lat' dir='ltr'><strong>R.</strong></span> <span class='ocrx_word' id='word_1_213' title='bbox 1136 2072 1174 2103; x_wconf 89' lang='lat' dir='ltr'><strong>G.</strong></span> <span class='ocrx_word' id='word_1_214' title='bbox 1203 2074 1228 2103; x_wconf 87' lang='lat'><strong>1.</strong></span> <span class='ocrx_word' id='word_1_215' title='bbox 1252 2082 1280 2112; x_wconf 87' lang='lat' dir='ltr'><strong>p.</strong></span> <span class='ocrx_word' id='word_1_216' title='bbox 1303 2072 1364 2103; x_wconf 87' lang='grc'><strong>733</strong></span> <span class='ocrx_word' id='word_1_217' title='bbox 1385 2081 1471 2110; x_wconf 84' lang='lat' dir='ltr'><strong>seqq.</strong></span> 
     </span>
    </p>

    <p class='ocr_par' dir='ltr' id='par_1_8' title="bbox 268 2122 1360 2164">
     <span class='ocr_line' id='line_1_30' title="bbox 268 2122 1360 2164; baseline -0.003 -8"><span class='ocrx_word' id='word_1_218' title='bbox 268 2126 301 2162; x_wconf 85' lang='lat'><strong>2)</strong></span> <span class='ocrx_word' id='word_1_219' title='bbox 323 2126 403 2156; x_wconf 82' lang='lat' dir='ltr'><strong>Vide</strong></span> <span class='ocrx_word' id='word_1_220' title='bbox 427 2122 609 2164; x_wconf 74' lang='lat' dir='ltr'><strong>Schweqler.</strong></span> <span class='ocrx_word' id='word_1_221' title='bbox 630 2125 670 2154; x_wconf 82' lang='lat' dir='ltr'><strong>R.</strong></span> <span class='ocrx_word' id='word_1_222' title='bbox 693 2122 731 2153; x_wconf 87' lang='lat' dir='ltr'><strong>G.</strong></span> <span class='ocrx_word' id='word_1_223' title='bbox 755 2124 779 2153; x_wconf 90' lang='lat'><strong>1.</strong></span> <span class='ocrx_word' id='word_1_224' title='bbox 803 2133 832 2161; x_wconf 85' lang='lat' dir='ltr'><strong>p.</strong></span> <span class='ocrx_word' id='word_1_225' title='bbox 856 2123 925 2155; x_wconf 87' lang='lat'><strong>739.</strong></span> <span class='ocrx_word' id='word_1_226' title='bbox 950 2124 1052 2156; x_wconf 80' lang='lat' dir='ltr'><strong>Peter.</strong></span> <span class='ocrx_word' id='word_1_227' title='bbox 1075 2126 1115 2156; x_wconf 85' lang='lat' dir='ltr'><strong>G.</strong></span> <span class='ocrx_word' id='word_1_228' title='bbox 1137 2126 1176 2156; x_wconf 88' lang='lat' dir='ltr'><strong>R.</strong></span> <span class='ocrx_word' id='word_1_229' title='bbox 1207 2125 1231 2154; x_wconf 92' lang='lat'><strong>1.</strong></span> <span class='ocrx_word' id='word_1_230' title='bbox 1255 2134 1284 2162; x_wconf 84' lang='lat' dir='ltr'><strong>p.</strong></span> <span class='ocrx_word' id='word_1_231' title='bbox 1306 2123 1360 2154; x_wconf 88' lang='grc'><strong>76.</strong></span> 
     </span>
    </p>

    <p class='ocr_par' dir='ltr' id='par_1_9' title="bbox 266 2173 787 2214">
     <span class='ocr_line' id='line_1_31' title="bbox 266 2173 787 2214; baseline -0.006 -8"><span class='ocrx_word' id='word_1_232' title='bbox 266 2175 298 2214; x_wconf 88' lang='grc'><strong>3)</strong></span> <span class='ocrx_word' id='word_1_233' title='bbox 320 2176 373 2206; x_wconf 76' lang='lat' dir='ltr'><strong>crr</strong></span> <span class='ocrx_word' id='word_1_234' title='bbox 394 2183 475 2213; x_wconf 85' lang='lat' dir='ltr'><strong>quae</strong></span> <span class='ocrx_word' id='word_1_235' title='bbox 498 2183 591 2213; x_wconf 86' lang='lat' dir='ltr'><strong>supra</strong></span> <span class='ocrx_word' id='word_1_236' title='bbox 616 2173 787 2203; x_wconf 78' lang='lat' dir='ltr'><strong>attulimus.</strong></span> 
     </span>
    </p>

    <p class='ocr_par' dir='ltr' id='par_1_10' title="bbox 180 2223 1537 2367">
     <span class='ocr_line' id='line_1_32' title="bbox 263 2223 1537 2266; baseline -0.002 -8"><span class='ocrx_word' id='word_1_237' title='bbox 263 2229 293 2266; x_wconf 79' lang='grc'><strong>4)</strong></span> <span class='ocrx_word' id='word_1_238' title='bbox 317 2228 406 2258; x_wconf 85' lang='lat' dir='ltr'><strong>Haec</strong></span> <span class='ocrx_word' id='word_1_239' title='bbox 429 2227 556 2257; x_wconf 85' lang='lat' dir='ltr'><strong>comitia</strong></span> <span class='ocrx_word' id='word_1_240' title='bbox 580 2223 732 2264; x_wconf 82' lang='lat' dir='ltr'><strong>principio</strong></span> <span class='ocrx_word' id='word_1_241' title='bbox 754 2229 830 2259; x_wconf 87' lang='lat' dir='ltr'><strong>nihil</strong></span> <span class='ocrx_word' id='word_1_242' title='bbox 854 2229 938 2259; x_wconf 86' lang='lat' dir='ltr'><strong>aliud</strong></span> <span class='ocrx_word' id='word_1_243' title='bbox 961 2229 1017 2258; x_wconf 87' lang='lat' dir='ltr'><strong>nisi</strong></span> <span class='ocrx_word' id='word_1_244' title='bbox 1042 2229 1268 2259; x_wconf 78' lang='lat' dir='ltr'><strong>institutionem</strong></span> <span class='ocrx_word' id='word_1_245' title='bbox 1292 2227 1449 2265; x_wconf 84' lang='lat' dir='ltr'><strong>quandam</strong></span> <span class='ocrx_word' id='word_1_246' title='bbox 1475 2225 1537 2255; x_wconf 89' lang='lat' dir='ltr'><strong>mi-</strong></span> 
     </span>
     <span class='ocr_line' id='line_1_33' title="bbox 180 2275 1537 2321; baseline -0.003 -10"><span class='ocrx_word' id='word_1_247' title='bbox 180 2281 302 2311; x_wconf 83' lang='lat' dir='ltr'><strong>litarem</strong></span> <span class='ocrx_word' id='word_1_248' title='bbox 326 2279 434 2314; x_wconf 80' lang='lat' dir='ltr'><strong>ruisse.</strong></span> <span class='ocrx_word' id='word_1_249' title='bbox 458 2279 602 2309; x_wconf 81' lang='lat' dir='ltr'><strong>credibile</strong></span> <span class='ocrx_word' id='word_1_250' title='bbox 624 2283 681 2309; x_wconf 90' lang='lat' dir='ltr'><strong>est.</strong></span> <span class='ocrx_word' id='word_1_251' title='bbox 715 2282 794 2311; x_wconf 85' lang='lat' dir='ltr'><strong>Vide</strong></span> <span class='ocrx_word' id='word_1_252' title='bbox 823 2279 1003 2321; x_wconf 73' lang='lat' dir='ltr'><strong>Schweqler.</strong></span> <span class='ocrx_word' id='word_1_253' title='bbox 1027 2281 1066 2311; x_wconf 88' lang='lat' dir='ltr'><strong>R.</strong></span> <span class='ocrx_word' id='word_1_254' title='bbox 1091 2280 1128 2311; x_wconf 87' lang='lat' dir='ltr'><strong>G.</strong></span> <span class='ocrx_word' id='word_1_255' title='bbox 1152 2281 1178 2310; x_wconf 89' lang='lat'><strong>1.</strong></span> <span class='ocrx_word' id='word_1_256' title='bbox 1205 2288 1235 2317; x_wconf 86' lang='lat' dir='ltr'><strong>p.</strong></span> <span class='ocrx_word' id='word_1_257' title='bbox 1259 2278 1329 2309; x_wconf 85' lang='lat'><strong>755.</strong></span> <span class='ocrx_word' id='word_1_258' title='bbox 1354 2275 1537 2308; x_wconf 73' lang='lat' dir='ltr'><strong>Mommsen.</strong></span> 
     </span>
     <span class='ocr_line' id='line_1_34' title="bbox 184 2328 464 2367; baseline -0.007 -5"><span class='ocrx_word' id='word_1_259' title='bbox 184 2333 224 2363; x_wconf 82' lang='lat' dir='ltr'><strong>R.</strong></span> <span class='ocrx_word' id='word_1_260' title='bbox 249 2332 287 2362; x_wconf 89' lang='lat' dir='ltr'><strong>G.</strong></span> <span class='ocrx_word' id='word_1_261' title='bbox 310 2332 336 2361; x_wconf 86' lang='lat'><strong>1.</strong></span> <span class='ocrx_word' id='word_1_262' title='bbox 362 2339 391 2367; x_wconf 86' lang='lat' dir='ltr'><strong>p.</strong></span> <span class='ocrx_word' id='word_1_263' title='bbox 414 2328 464 2360; x_wconf 81' lang='lat'><strong>84.</strong></span> 
     </span>
    </p>

    <p class='ocr_par' dir='ltr' id='par_1_11' title="bbox 180 2379 1539 2629">
     <span class='ocr_line' id='line_1_35' title="bbox 269 2379 1537 2422; baseline -0.002 -10"><span class='ocrx_word' id='word_1_264' title='bbox 269 2382 302 2420; x_wconf 89' lang='lat'><strong>5)</strong></span> <span class='ocrx_word' id='word_1_265' title='bbox 323 2382 419 2412; x_wconf 80' lang='lat' dir='ltr'><strong>Putat</strong></span> <span class='ocrx_word' id='word_1_266' title='bbox 442 2379 537 2413; x_wconf 79' lang='lat' dir='ltr'><strong>Peter</strong></span> <span class='ocrx_word' id='word_1_267' title='bbox 558 2381 610 2419; x_wconf 90' lang='lat' dir='ltr'><strong>(G.</strong></span> <span class='ocrx_word' id='word_1_268' title='bbox 634 2382 673 2413; x_wconf 89' lang='lat' dir='ltr'><strong>R.</strong></span> <span class='ocrx_word' id='word_1_269' title='bbox 710 2384 735 2414; x_wconf 87' lang='grc' dir='ltr'><strong>Ι,</strong></span> <span class='ocrx_word' id='word_1_270' title='bbox 759 2393 789 2422; x_wconf 87' lang='lat' dir='ltr'><strong>p.</strong></span> <span class='ocrx_word' id='word_1_271' title='bbox 812 2382 882 2420; x_wconf 90' lang='grc'><strong>75),</strong></span> <span class='ocrx_word' id='word_1_272' title='bbox 922 2382 1072 2413; x_wconf 84' lang='lat' dir='ltr'><strong>Patricios</strong></span> <span class='ocrx_word' id='word_1_273' title='bbox 1088 2382 1119 2412; x_wconf 91' lang='lat' dir='ltr'><strong>in</strong></span> <span class='ocrx_word' id='word_1_274' title='bbox 1142 2381 1282 2419; x_wconf 88' lang='lat' dir='ltr'><strong>equitum</strong></span> <span class='ocrx_word' id='word_1_275' title='bbox 1306 2380 1460 2411; x_wconf 84' lang='lat' dir='ltr'><strong>centurias</strong></span> <span class='ocrx_word' id='word_1_276' title='bbox 1482 2383 1537 2411; x_wconf 86' lang='lat' dir='ltr'><strong>aut</strong></span> 
     </span>
     <span class='ocr_line' id='line_1_36' title="bbox 181 2430 1537 2473; baseline -0.006 -5"><span class='ocrx_word' id='word_1_277' title='bbox 181 2440 265 2467; x_wconf 81' lang='lat' dir='ltr'><strong>certe</strong></span> <span class='ocrx_word' id='word_1_278' title='bbox 288 2435 319 2465; x_wconf 92' lang='lat' dir='ltr'><strong>in</strong></span> <span class='ocrx_word' id='word_1_279' title='bbox 342 2435 474 2473; x_wconf 83' lang='lat' dir='ltr'><strong>primam</strong></span> <span class='ocrx_word' id='word_1_280' title='bbox 498 2434 611 2464; x_wconf 82' lang='lat' dir='ltr'><strong>civium</strong></span> <span class='ocrx_word' id='word_1_281' title='bbox 635 2435 762 2465; x_wconf 80' lang='lat' dir='ltr'><strong>classem</strong></span> <span class='ocrx_word' id='word_1_282' title='bbox 786 2430 893 2465; x_wconf 82' lang='lat' dir='ltr'><strong>omnes</strong></span> <span class='ocrx_word' id='word_1_283' title='bbox 915 2434 1007 2464; x_wconf 81' lang='lat' dir='ltr'><strong>fuisse</strong></span> <span class='ocrx_word' id='word_1_284' title='bbox 1029 2434 1210 2471; x_wconf 73' lang='lat' dir='ltr'><strong>adscriptos.</strong></span> <span class='ocrx_word' id='word_1_285' title='bbox 1253 2433 1315 2463; x_wconf 90' lang='lat' dir='ltr'><strong>Eos</strong></span> <span class='ocrx_word' id='word_1_286' title='bbox 1338 2435 1441 2461; x_wconf 88' lang='lat' dir='ltr'><strong>autem</strong></span> <span class='ocrx_word' id='word_1_287' title='bbox 1463 2439 1537 2468; x_wconf 86' lang='lat' dir='ltr'><strong>pro-</strong></span> 
     </span>
     <span class='ocr_line' id='line_1_37' title="bbox 184 2484 1539 2525; baseline -0.004 -8"><span class='ocrx_word' id='word_1_288' title='bbox 184 2491 252 2525; x_wconf 80' lang='lat' dir='ltr'><strong>pter</strong></span> <span class='ocrx_word' id='word_1_289' title='bbox 277 2486 483 2524; x_wconf 78' lang='lat' dir='ltr'><strong>paucitatem,</strong></span> <span class='ocrx_word' id='word_1_290' title='bbox 523 2485 581 2515; x_wconf 90' lang='lat' dir='ltr'><strong>nisi</strong></span> <span class='ocrx_word' id='word_1_291' title='bbox 618 2486 657 2515; x_wconf 83' lang='lat' dir='ltr'><strong>ab</strong></span> <span class='ocrx_word' id='word_1_292' title='bbox 679 2486 716 2516; x_wconf 90' lang='lat' dir='ltr'><strong>iis</strong></span> <span class='ocrx_word' id='word_1_293' title='bbox 751 2485 901 2522; x_wconf 86' lang='lat' dir='ltr'><strong>Plebejis‚</strong></span> <span class='ocrx_word' id='word_1_294' title='bbox 926 2485 979 2522; x_wconf 87' lang='lat' dir='ltr'><strong>qui</strong></span> <span class='ocrx_word' id='word_1_295' title='bbox 1007 2485 1117 2523; x_wconf 85' lang='lat' dir='ltr'><strong>opibus</strong></span> <span class='ocrx_word' id='word_1_296' title='bbox 1139 2488 1170 2515; x_wconf 88' lang='lat' dir='ltr'><strong>et</strong></span> <span class='ocrx_word' id='word_1_297' title='bbox 1192 2484 1377 2514; x_wconf 84' lang='lat' dir='ltr'><strong>auctoritate</strong></span> <span class='ocrx_word' id='word_1_298' title='bbox 1400 2485 1539 2521; x_wconf 79' lang='lat' dir='ltr'><strong>praesta-</strong></span> 
     </span>
     <span class='ocr_line' id='line_1_38' title="bbox 181 2535 1538 2574; baseline -0.004 -6"><span class='ocrx_word' id='word_1_299' title='bbox 181 2541 269 2574; x_wconf 86' lang='lat' dir='ltr'><strong>rent,</strong></span> <span class='ocrx_word' id='word_1_300' title='bbox 292 2537 390 2574; x_wconf 83' lang='lat' dir='ltr'><strong>adjuti</strong></span> <span class='ocrx_word' id='word_1_301' title='bbox 413 2536 557 2573; x_wconf 75' lang='lat' dir='ltr'><strong>ruissent,</strong></span> <span class='ocrx_word' id='word_1_302' title='bbox 594 2537 762 2574; x_wconf 85' lang='lat' dir='ltr'><strong>plurimum</strong></span> <span class='ocrx_word' id='word_1_303' title='bbox 795 2537 897 2567; x_wconf 83' lang='lat' dir='ltr'><strong>valere</strong></span> <span class='ocrx_word' id='word_1_304' title='bbox 931 2538 962 2567; x_wconf 84' lang='lat' dir='ltr'><strong>in</strong></span> <span class='ocrx_word' id='word_1_305' title='bbox 998 2536 1130 2567; x_wconf 87' lang='lat' dir='ltr'><strong>comitiis</strong></span> <span class='ocrx_word' id='word_1_306' title='bbox 1162 2544 1225 2567; x_wconf 86' lang='lat' dir='ltr'><strong>uon</strong></span> <span class='ocrx_word' id='word_1_307' title='bbox 1255 2535 1409 2573; x_wconf 79' lang='lat' dir='ltr'><strong>potuisse.</strong></span> <span class='ocrx_word' id='word_1_308' title='bbox 1431 2541 1486 2571; x_wconf 82' lang='lat' dir='ltr'><strong>per</strong></span> <span class='ocrx_word' id='word_1_309' title='bbox 1505 2540 1538 2563; x_wconf 80' lang='lat' dir='ltr'><strong>se</strong></span> 
     </span>
     <span class='ocr_line' id='line_1_39' title="bbox 180 2586 1013 2629; baseline 0 -11"><span class='ocrx_word' id='word_1_310' title='bbox 180 2588 290 2626; x_wconf 83' lang='lat' dir='ltr'><strong>liquet.</strong></span> <span class='ocrx_word' id='word_1_311' title='bbox 335 2587 387 2620; x_wconf 78' lang='lat' dir='ltr'><strong>Cn·</strong></span> <span class='ocrx_word' id='word_1_312' title='bbox 410 2586 594 2629; x_wconf 73' lang='lat' dir='ltr'><strong>Schweqler.</strong></span> <span class='ocrx_word' id='word_1_313' title='bbox 616 2589 655 2619; x_wconf 88' lang='lat' dir='ltr'><strong>R.</strong></span> <span class='ocrx_word' id='word_1_314' title='bbox 679 2587 717 2619; x_wconf 90' lang='lat' dir='ltr'><strong>G.</strong></span> <span class='ocrx_word' id='word_1_315' title='bbox 742 2588 767 2618; x_wconf 89' lang='lat'>1</span> <span class='ocrx_word' id='word_1_316' title='bbox 791 2595 823 2625; x_wconf 88' lang='lat' dir='ltr'><strong>p.</strong></span> <span class='ocrx_word' id='word_1_317' title='bbox 846 2587 906 2619; x_wconf 82' lang='lat'><strong>624</strong></span> <span class='ocrx_word' id='word_1_318' title='bbox 928 2596 1013 2625; x_wconf 79' lang='lat' dir='ltr'><strong>seqq</strong></span> 
     </span>
    </p>
   </div>
   <div class='ocr_carea' id='block_1_7' title="bbox 1535 0 1696 160">
    <p class='ocr_par' dir='ltr' id='par_1_12' title="bbox 1535 0 1696 160">
     <span class='ocr_line' id='line_1_40' title="bbox 1535 0 1696 160; baseline 0 2859"><span class='ocrx_word' id='word_1_319' title='bbox 1535 0 1696 160; x_wconf 95' lang='lat' dir='ltr'><strong> </strong></span> 
     </span>
    </p>
   </div>
  </div>
 </body>
</html>
