1696 3019
237 222 300 262 22

176 343 266 386 Sed
297 343 426 386 etiam
457 341 567 385 baec
600 341 815 385 sententia
849 338 1050 398 magnam
1068 341 1202 387 habet
1219 340 1536 389 diffieuttnteb.

176 406 225 448 Si
261 407 374 448 enim
410 403 667 448 duodecima
700 420 805 464 pars
841 404 975 447 totius
1000 406 1136 448 'sortis
1152 406 1194 447 in
1212 399 1397 465 singuiis
1415 406 1561 457 meins-A

177 467 301 510 sibus
336 482 496 509 usurae
529 466 627 508 loco
678 465 958 524 penderetur,
1007 474 1098 509 tum
1145 466 1380 528 quotannis
1407 465 1535 512 fenus

177 537 338 573 sortem
374 536 596 589 aequaret.
663 529 748 582 Qui
782 527 947 571 fenoris
978 529 1160 581 modus,
1209 530 1290 572 etsi
1327 528 1535 586 cum-iis,

175 609 291 652 quae
326 592 380 634 ‹le
411 593 524 634 aeris
557 590 685 633 alieni
720 591 1017 647 magnitudine
1035 592 1223 652 odioque
1240 591 1535 636 feneratorum

177 655 338 697 tradita
374 661 500 704 sunt,
537 652 648 696 bene
684 654 910 709 congruit,
939 661 1081 696 tamen
1110 653 1256 712 ⁴major
1296 653 1435 697 fuisse
1466 655 1535 697 vi-

177 717 320 767 detur,
373 731 503 776 quam
551 723 600 758 ut
651 714 824 772 legibus
865 717 1055 775 permitti
1085 722 1247 775 posset.
1312 714 1538 761 Credibile

178 781 312 835 igitur
364 786 457 828 est„
510 777 730 820 debitores
779 779 971 837 antiquis
1021 777 1292 838 temporibus
1324 789 1535 837 annuam,

177 857 265 884 non
300 847 587 888 menstruam,
622 855 800 882 usuram
833 839 1022 899 pendere
1056 840 1209 884 solitos
1244 855 1364 889 esse,
1398 841 1457 885 ita
1487 847 1537 884 nt

180 905 236 946 sit
269 904 396 945 fenus
428 903 696 953 auctarium,
731 917 826 944 cum
862 903 1096 961 quotannis
1133 902 1282 946 decem
1315 917 1397 962 pro
1429 916 1535 946 ceu-

178 966 290 1009 tenis
325 964 556 1007 solvuntur
579 963 632 1018 1).

303 1026 431 1080 Quod
481 1028 517 1069 si
565 1042 647 1084 pro
682 1033 799 1068 certo
841 1026 972 1067 statui
1008 1041 1092 1068 non
1124 1032 1290 1086 potest,
1324 1032 1535 1088 quantum

180 1088 308 1131 fenus
344 1096 445 1132 autc
493 1088 721 1131 duodecim
766 1086 1014 1130 tabularum
1046 1087 1165 1145 leges
1199 1089 1242 1131 in
1275 1104 1355 1133 usu
1389 1088 1536 1143 fuerit,

179 1160 323 1194 tamen
359 1167 457 1194 cum
493 1167 545 1193 ex
567 1167 639 1196 eo,
674 1149 791 1209 quod
828 1149 880 1193 de
899 1150 1095 1205 unciario
1121 1150 1271 1194 fenore
1291 1150 1535 1202 attulimus,

179 1221 271 1256 tum
310 1229 366 1256 ex
400 1213 496 1255 aliis
530 1212 677 1255 multis
695 1212 1014 1255 evidentissime
1030 1219 1170 1271 patet,
1202 1224 1406 1271 magnum
1420 1212 1536 1258 idem

179 1283 221 1319 et
254 1275 571 1336 iniquissimum
605 1275 754 1317 fuisse.

301 1338 527 1386 Accessit,
576 1336 694 1396 quod
741 1351 920 1383 usurae,
969 1337 1005 1378 si
1054 1338 1177 1396 justo
1224 1343 1535 1396 temporenon

178 1398 347 1443 solutae
383 1407 532 1448 erant,
566 1400 674 1442 sorti
708 1397 1042 1457 adjiciebantur,
1078 1415 1166 1459 quo
1200 1397 1355 1448 flebat,
1389 1406 1437 1442 ut
1461 1415 1535 1443 no-

177 1478 278 1504 vum
311 1478 483 1520 semper
515 1463 761 1504 exoriretur
798 1468 950 1519 caput,
987 1461 1106 1520 quod
1138 1461 1353 1522 ejusmodi
1387 1465 1535 1506 anato-

176 1525 313 1568 cismo
349 1525 526 1567 nimium
561 1531 771 1584 quantum
801 1522 1055 1581 augebatur.

303 1587 418 1630 Sunt
452 1586 586 1630 multa
640 1586 736 1646 ejus
769 1587 849 1642 ¹rei
904 1584 1121 1645 exempla,
1156 1601 1179 1629 e
1211 1585 1373 1646 quibus
1402 1601 1535 1630 unum

181 1648 382 1691 attulisse
413 1650 520 1691 satis
553 1649 646 1692 erit.
712 1648 829 1691 Dicit
865 1649 976 1690 enim
1011 1649 1207 1692 centurio
1228 1648 1301 1692 ille
1321 1648 1374 1708 ²),
1407 1664 1535 1709 quem

183 1710 244 1753 Μ.
280 1710 474 1754 Manlius
509 1727 532 1753 e
567 1710 752 1753 vinculis
782 1710 999 1758 servavit,
1029 1726 1077 1753 se
1110 1710 1386 1764 militantem,
1420 1710 1538 1754 mul-

178 1773 329 1831 tiplice
343 1774 443 1833 jam
478 1780 598 1817 sorte
618 1773 842 1825 exsoluta,
875 1773 1169 1833 merqentibus
1201 1779 1536 1832 sempersortem

177 1837 349 1887 usuris,
384 1837 584 1878 obrutum
616 1836 774 1894 fenore
804 1835 966 1894 fuisse,
1000 1842 1042 1877 et
1061 1834 1171 1877 alius
1199 1839 1397 1879 centurio
1425 1850 1535 1896 que-

179 1898 291 1940 ritur
315 1896 371 1954 ³),
406 1913 479 1941 aes
512 1897 717 1946 alienum,
752 1895 869 1958 quod
888 1896 1074 1946 fecerat,
1109 1899 1254 1941 usuris
1280 1897 1419 1957 fuisse
1453 1912 1534 1941 cu-

179 1961 402 2003 mulatum.

314 2023 411 2066 Hoc
444 2022 542 2066 loco
592 2021 634 2065 id
669 2037 848 2082 quoque
887 2036 973 2064 non
1008 2021 1051 2064 in
1086 2023 1333 2083 praeteritis
1361 2030 1428 2067 est
1460 2039 1535 2068 re-

177 2085 488 2146 linquendum,
538 2086 677 2145 quod,
727 2087 763 2127 si
813 2085 913 2144 quis
961 2100 1056 2127 cum
1092 2102 1179 2145 quo
1212 2094 1362 2129 contra
1394 2086 1533 2143 legem

184 2164 273 2190 rem
308 2147 526 2206 quandam
563 2148 871 2194 contraxisset,
908 2161 992 2187 non
1028 2147 1219 2190 irritaea
1249 2164 1318 2191 res
1339 2146 1535 2191 habeba-

178 2218 263 2253 tur.
331 2210 512 2253 Poterat
559 2212 692 2266 igitur
742 2208 944 2256 creditor,
989 2211 1063 2268 qui
1103 2210 1355 2267 grandiore,
1403 2227 1534 2272 quam

262 2323 288 2360 Ι)
312 2324 405 2354 Hanc
437 2324 621 2355 sententiam
658 2324 829 2354 defendunt
863 2320 1055 2354 Niebukrtns
1090 2323 1209 2362 (Vortr.
1242 2326 1295 2356 ub.
1329 2326 1367 2356 R.
1391 2325 1429 2357 G.
1450 2325 1478 2356 1.
1502 2333 1532 2363 p.

170 2375 256 2414 390),
285 2373 458 2418 Schweyler
479 2377 530 2413 (R.
554 2376 593 2409 G.
616 2376 659 2408 11.
681 2385 712 2414 p.
736 2374 822 2415 214),
847 2375 1068 2408 Mommsenius
1091 2377 1141 2414 (R.
1164 2377 1202 2409 G.
1224 2379 1249 2408 1.
1272 2387 1302 2416 p.
1329 2376 1411 2415 143),
1432 2375 1533 2408 Weis-

168 2426 360 2463 senborm'm,
387 2427 526 2464 Crusius,
549 2426 766 2471 Alschesslcivs
788 2427 840 2464 (ad
864 2429 932 2459 Liv.
954 2427 984 2464 7,
1011 2427 1071 2465 16),
1095 2429 1166 2470 alii„

252 2480 287 2517 2)
311 2478 375 2510 Liv.
399 2480 428 2517 6,
455 2479 504 2510 14.

253 2531 285 2570 3)
305 2532 372 2563 Liv.
393 2534 425 2569 2,
446 2533 496 2564 23.
