1696 3019
266 238 327 277 20

204 357 406 402 conditio.
474 356 543 399 11Ιί
579 357 690 399 enim
724 355 881 400 multos
916 358 1009 401 sine
1042 356 1176 402 dubio
1207 355 1429 402 habebant
1462 351 1558 407 ser-2

203 437 281 463 vos
309 420 361 475 ¹),
398 420 496 478 qui,
533 421 659 461 etiam
695 436 828 479 quum
856 421 936 478 ipsi
973 420 1150 463 militiae
1168 435 1296 464 causa
1334 418 1559 480 abessent,

202 499 332 539 agros
368 481 510 524 colere
543 489 746 540 possent3
786 481 827 523 Ιιί
859 490 1029 532 autem,
1064 481 1105 525 id
1140 482 1257 543 quod
1289 483 1475 528 maxime·
1490 484 1557 532 νὶ-

202 545 330 588 (letur
369 542 614 602 probabile,
649 545 729 602 ipsi
767 545 906 587 omnia
937 546 1029 588 sine
1048 544 1322 603 adjutoribus
1343 537 1557 590 curabant
1623 589 1625 594 ,

203 608 398 664 negotia,
432 622 544 665 quae
578 606 630 647 ad
667 606 981 681 agriculturam
1002 606 1301 667 pertinebant,
1292 623 1418 667 ‚quo
1425 606 1558 651 facilc

201 669 294 712 fieri
330 676 513 727 poterat,
550 676 617 716 ut,
653 670 907 726 praesertim
947 671 982 712 si
1014 669 1176 713 diutius
1208 668 1432 720 abessent,
1464 671 1566 745 agri⁴

203 748 350 773 eorum
391 746 519 788 saepe
555 746 639 772 uon
676 730 934 773 colerentur.

336 792 420 835 Sed
455 792 535 835 alia
578 793 705 835 etiam
741 801 804 836 est
838 809 991 841 causan
1026 809 1104 836 cur
1135 791 1236 852 jure
1270 791 1353 835 dici
1388 785 1566 852 possint

201 854 314 897 bella
357 854 548 911 Plebejis
599 856 733 912 magis
770 872 899 914 quam
945 855 1147 897 Patriciis
1191 855 1327 896 fuisse
1360 852 1555 897 molesta.

201 917 311 959 Nam
347 915 538 974 Plebeji,
563 917 597 958 si
634 917 809 976 quando
843 917 934 973 agri
971 933 1118 959 eorum
1142 915 1226 958 hoe
1245 915 1311 958 vel
1326 915 1411 958 illo
1430 903 1557 959 ιιιόᾶο

202 979 359 1020 vast-nti
397 986 567 1029 essent,
615 995 699 1021 non
752 980 846 1021 sine
890 995 1054 1021 summa
1093 977 1351 1023 difficultate
1383 970 1556 1023 eosdem

202 1042 245 1083 in
278 1048 460 1087 statum,
496 1055 625 1101 quo
615 1048 714 1084 ante
738 1042 930 1093 fuerant,
963 1041 1417 1100 restituerepoterant.
1461 1040 1556 1084 Pri-

203 1120 317 1145 mum
354 1104 480 1151 enim,
521 1120 653 1162 quum
689 1120 892 1159 agrorum
938 1102 1153 1147 fructibus
1192 1109 1410 1152 carerent,
1449 1098 1557 1149 nihil

203 1165 295 1207 fere
332 1162 573 1215 habebant,
625 1181 712 1225 quo
762 1181 808 1209 se
842 1165 958 1208 alere
999 1173 1197 1224 possent3
1242 1163 1398 1208 deinde
1438 1163 1556 1208 hau'd

201 1243 364 1297 parvae
411 1229 620 1285 pecuniae
667 1229 793 1271 etiam
829 1227 881 1269 ad
920 1244 1048 1284 agros
1090 1228 1244 1270 iterum
1278 1224 1562 1290 instruendus

201 1295 312 1346 opus
344 1297 479 1331 er-ant
547 1290 655 1331 Nam
691 1291 875 1332 maxime
897 1297 962 1332 cst
980 1288 1225 1347 probabile,
1259 1288 1406 1332 hostes
1426 1284 1556 1349 saepe

201 1367 360 1410 pecus,
408 1350 524 1411 quod
576 1350 628 1393 ad
676 1368 803 1408 agros
846 1351 1050 1395 colendos
1092 1358 1207 1394 esset
1251 1351 1560 1400 necessarium,

201 1412 422 1468 abegisse,
455 1420 567 1455 tecta
608 1414 872 1462 incendisse,
922 1430 1122 1470 agrorum
1165 1414 1555 1457 instrumenta‘ce-

200 1482 382 1534 teraque
419 1474 652 1517 abstulisse
678 1474 732 1526 ²),
782 1474 942 1535 quibus
980 1493 1031 1519 ex
1064 1473 1266 1519 omnibus
1294 1473 1457 1525 flebat,
1508 1482 1556 1519 ut

202 1537 324 1580 multi
360 1537 413 1579 (le
447 1536 575 1595 plebe
609 1536 804 1580 homines
836 1546 934 1595 post
968 1537 1104 1585 bella,
1140 1538 1266 1580 etiam
1304 1537 1556 1580 felicissime

201 1606 345 1654 gesta,
382 1600 424 1640 in
457 1614 667 1640 summam
701 1600 890 1641 omnium
918 1615 1059 1642 rerum
1084 1599 1271 1657 inopiam
1291 1590 1560 1657 incide-rent,-

199 1661 454 1720 praesertim
507 1677 639 1720 quum
689 1677 820 1720 saepe
852 1662 1043 1722 antiquis
1089 1659 1358 1721 temporibus
1391 1659 1554 1723 nullam

171 1718 242 1764 'in
277 1722 450 1782 praedis
485 1730 651 1781 partem
685 1721 897 1767 haberent
923 1722 964 1775 ³)

327 1785 413 1828 Sed
449 1786 490 1827 in
518 1784 788 1845 explicandis
818 1787 981 1837 causis,
1007 1785 1168 1859 quibus
1186 1803 1255 1830 res
1276 1779 1554 1850 Plebejorum

199 1846 525 1905 affligebantur,
561 1855 735 1906 praeter
768 1866 841 1899 ea,
876 1858 989 1909 quae
1018 1849 1107 1907 jam
1143 1849 1389 1897 attulimus,
1426 1845 1553 1890 etiam

195 1911 327 1970 fenus
356 1918 422 1953 est
461 1911 848 1954 considerandum
891 1913 936 1954 Si
957 1912 1069 1955 enim
1103 1919 1242 1971 patet,
1274 1910 1401 1954 talem
1418 1904 1557 1973 fuisse

199 1989 348 2015 eorum
379 1973 421 2014 in
455 1972 704 2016 domesticis
736 1973 868 2016 rebus
901 1972 1216 2023 conditionem,
1247 1979 1294 2015 ut
1337 1982 1410 2015 aes
1444 1965 1553 2014 alie-‘—

198 2051 301 2077 num
336 2035 482 2078 facere
516 2051 646 2093 saepe
682 2042 955 2093 cogerentur,
1006 2051 1090 2079 non
1142 2030 1351 2085 'alienum
1362 2025 1440 2079 ’(351
1470 2028 1556 2077 linc

196 2097 296 2139 loco
332 2096 526 2139 breviter
552 2113 785 2156 quaerere,
832 2102 996 2157 quanto
1034 2097 1184 2140 fenore
1218 2090 1424 2156 antiquis·
1435 2083 1550 2139 tem-

197 2159 380 2219 poribus
429 2160 640 2218 pecuniae
677 2162 881 2232 occupari
925 2159 1078 2203 solitae
1111 2162 1208 2202 sint.
1275 2159 1361 2202 Sed
1394 2156 1554 2219 perob-

197 2237 325 2264 scura
382 2228 448 2262 est
479 2220 588 2263 haec
637 2222 835 2280 quaestio
884 2229 927 2265 et
969 2221 1261 2280 perdifficilis,
1296 2222 1397 2281 quia
1434 2219 1551 2271 nulla

284 2345 311 2382 1)
333 2346 403 2376 Non
429 2351 445 2372 a
462 2351 534 2373 vero
557 2345 722 2376 abhorrere
745 2346 876 2380 videtur,
900 2346 1070 2377 clientibus
1092 2354 1238 2384 agrorum
1259 2350 1360 2384 partes
1383 2345 1578 2381 ohtricus--

196 2398 351 2426 frumento
375 2397 490 2425 locatas
515 2396 615 2425 ruisse.
660 2396 740 2426 vide
765 2395 945 2438 Schweyler.
969 2399 1006 2428 R.
1033 2398 1070 2428 G.
1095 2399 1119 2427 Ι.
1144 2407 1174 2435 p.
1192 2396 1264 2427 641.

278 2448 309 2484 2)
333 2447 412 2477 Vide
436 2446 502 2477 Liv.
525 2447 554 2481 2,
578 2446 629 2478 23.
652 2446 784 2490 Dionys.
810 2450 839 2484 6,
864 2450 912 2479 22.
1410 2473 1412 2477 .

279 2498 307 2535 3)
332 2498 398 2529 Liv.
424 2500 452 2536 2,
475 2500 524 2530 24:
547 2499 654 2529 Patres
691 2502 875 2536 militarent,
910 2505 1013 2539 patres
1045 2508 1130 2532 arma
1161 2509 1288 2540 capere,
1312 2505 1346 2531 ut
1369 2508 1462 2538 penes
1476 2507 1554 2531 :eos-

194 2551 262 2581 dem
287 2552 422 2589 pericula
446 2552 535 2587 belli,
560 2559 654 2588 penes
678 2561 756 2590 quos
779 2553 915 2591 praemia
938 2558 1047 2584 essent.
