1696 3019
188 228 294 268 ⁴ss

167 363 310 398 sores,
346 363 479 408 quum
515 347 769 406 praesertim
804 344 1012 392 credibile
1044 364 1130 393 uon
1161 347 1239 399 sit,
1263 364 1314 393 eo
1331 356 1527 410 tempere
1595 373 1599 375 ·

168 410 306 496 fuisse
339 425 601 470 quemquam
635 409 986 468 possessionibus
1023 412 1115 455 suis
1149 412 1333 471 privatis
1365 412 1526 471 expul-

168 489 263 516 sum
296 475 436 577 elac
424 535 467 576 in
506 550 552 577 re
589 530 840 591 expiicauda
874 534 1058 606 primum
1100 534 1396 594 quaerendum
1431 550 1528 580 esse

169 602 396 655 putamus,
432 597 508 656 qui
545 597 637 652 agri
667 594 821 638 modus
860 596 1059 638 minimus
1111 595 1421 640 existimandus
1470 598 1528 641 sit

170 659 307 701 fuisse
341 674 510 705 eorum,
539 659 613 717 qui
636 674 688 700 ex
709 657 779 699 illa
803 656 943 699 Servii
961 658 1095 700 Tunii
1118 659 1389 704 institutione
1408 657 1527 702 loeu-

167 719 309 778 pleles
343 719 408 764 vel
455 721 626 763 assidui
648 718 683 775 2)
731 718 1070 777 appellarentur.
1138 719 1350 764 Assiduus
1384 727 1529 766 autem

172 782 240 825 vel
275 781 654 841 iocupleteffuisse
689 780 898 841 plurimos
923 781 977 825 de
1000 780 1126 840 plebe
1149 782 1357 832 homines,
1385 782 1532 827 videre

172 860 405 903 possumus
441 844 511 887 vel
558 845 742 886 maxime
785 859 836 884 ex
870 859 943 894 eo,
994 843 1110 903 quod
1148 845 1362 902 stipendia
1393 844 1531 888 facic-

172 906 304 955 bant,
333 922 469 966 quum
499 906 527 948 ii
568 913 742 955 eontra,
786 905 861 964 qui
891 905 1128 963 proletarii
1149 904 1192 961 ³)
1242 904 1532 950 nominabam.-

172 975 244 1011 tur
282 992 340 1001 —-
377 967 568 1017 fabrum,
620 968 888 1011 cornicinum
947 967 1278 1027 tubicinumque
1321 968 1550 1020 centuriis*

176 1029 366 1073 sortasse
396 1035 590 1088 exceptis
623 1055 682 1063 —-
722 1030 915 1089 antiquis
949 1028 1218 1088 temporibus
1261 1029 1411 1074 militia
1447 1031 1534 1074 im·

182 1109 334 1136 munes
366 1100 511 1136 essent
539 1092 592 1145 ⁴).
627 1092 739 1135 Sunt
772 1100 940 1141 autem,
970 1094 1044 1151 qui
1081 1101 1237 1152 putant
1258 1093 1316 1148 ⁵),
1356 1092 1533 1150 singula

174 1153 819 1266 ιῖἕήτέἶὲἕῖἒῗὲἰἶῖἷῖἶθῗίἷξ
849 1155 1020 1260 ῗῗὲῗ,
1039 1156 1200 1261 ”gitium
1219 1154 1535 1277 Ἱὲζζῖἶᾞῖζ

97 1304 101 1307 μ
177 1280 413 1338 quicquam
453 1278 506 1321 de
539 1278 622 1321 hac
656 1295 703 1320 re
732 1294 809 1335 pro
843 1285 962 1320 certo
1004 1279 1136 1321 statui
1172 1286 1316 1337 potest
1353 1303 1403 1313 -
1444 1286 1534 1322 tum

177 1356 349 1390 eorum,
380 1341 455 1401 qui
493 1336 655 1401 primae
688 1341 845 1383 civium
877 1339 1004 1384 classi
1036 1339 1244 1400 adscripti
1267 1349 1435 1391 essent,
1457 1342 1535 1384 ·vi-

181 1405 290 1460 ginti
320 1403 477 1463 jugera
513 1404 713 1446 minimus
743 1403 875 1446 fuerit
907 1404 999 1459 agri
1033 1404 1185 1446 modus
1234 1419 1411 1448 necesse
1447 1411 1535 1454 est,

178 1465 235 1509 ob
271 1483 470 1526 eamque·
501 1483 590 1508 rem
644 1481 791 1514 nemo,
842 1466 924 1507 nisi
968 1467 1041 1524 qui
1079 1465 1164 1508 duo
1198 1465 1349 1509 saltem
1382 1466 1537 1523 jugera

181 1528 437 1587 possideret,
460 1527 661 1570 assiduus
683 1527 749 1570 vel
768 1526 962 1585 locuples
982 1527 1192 1585 appellari
1210 1535 1394 1587 poterat.
1426 1527 1512 1570 Sed
1527 1559 1538 1576 ‚

181 1591 310 1633 etiam
341 1592 377 1632 si
411 1607 654 1640 sumamus,
690 1588 805 1631 hunc
840 1590 931 1645 agri
983 1589 1154 1632 modum
1178 1589 1219 1642 6)
1269 1606 1351 1631 non
1398 1590 1538 1633 solum

181 1652 317 1696 fuisse
350 1653 593 1699 minimum,
630 1668 757 1710 quem
795 1651 996 1694 assiduus
1029 1651 1203 1710 quidem
1223 1651 1444 1709 possidere
1468 1650 1540 1695 de·

182 1714 340 1766 bebat‚
377 1714 453 1757 sed
485 1714 643 1756 multos
678 1712 732 1756 de
757 1712 885 1772 plebe
919 1713 1113 1756 homines
1137 1715 1266 1758 etiam
1298 1713 1425 1772 paulo
1445 1729 1540 1756 ma-

179 1776 320 1836 jorem
353 1776 583 1828 habuisse,
620 1784 761 1819 tamen
792 1776 892 1834 jure
929 1774 1131 1819 dubitare
1150 1791 1404 1835 possumus,
1439 1792 1540 1819 uum

181 1839 352 1898 Plebeji
396 1847 563 1882 tantum
612 1838 847 1881 habuerint
874 1840 991 1895 agri,
1023 1847 1233 1898 quantum
1270 1838 1323 1881 ad
1343 1838 1542 1882 dominos

184 1917 282 1945 cum
317 1918 471 1959 magua
517 1917 651 1959 saepe
701 1900 863 1943 familia
914 1900 1093 1944 atemlos
1142 1902 1248 1943 satis
1299 1900 1452 1950 fuerit,
1491 1915 1543 1944 eo

186 1965 438 2022 praesertim
470 1971 686 2021 tempore,
719 1979 853 2021 quum
889 1979 937 2004 ex
976 1963 1092 2005 nulla
1136 1962 1227 2005 fere
1260 1961 1341 2004 alia
1390 1977 1438 2004 re
1471 1978 1542 2011 ca,

185 2041 296 2084 quae
336 2024 388 2067 ad
414 2026 546 2067 vitam
583 2024 910 2066 sustentandam
939 2032 1083 2067 essent
1118 2025 1375 2070 necessaria,
1405 2040 1543 2082 quae-

187 2104 285 2130 rere
321 2095 524 2146 possent,
563 2087 642 2128 nisi
675 2102 728 2128 ex
762 2085 1005 2134 (ructibus,
1037 2102 1148 2145 quos
1181 2088 1220 2127 in
1256 2101 1335 2128 suo
1357 2086 1545 2145 quisque

276 2200 304 2237 Ι)
328 2201 381 2231 cn·
400 2198 582 2230 Mommsen.
605 2201 644 2230 R.
669 2201 707 2231 G.
731 2202 756 2230 1.
771 2209 799 2236 p.
824 2198 875 2231 75.

270 2252 302 2290 2)
325 2250 376 2281 Ab
400 2259 470 2282 aere
493 2252 595 2282 dando
618 2251 782 2281 nominati.
811 2248 871 2281 Οἰο.
906 2252 943 2281 de
965 2251 1044 2289 Rep.
1068 2251 1099 2287 2,
1125 2251 1176 2286 22,
1191 2250 1242 2281 40.

271 2302 304 2340 3)
327 2303 430 2341 Quam
453 2302 712 2340 significationem
736 2302 848 2332 habeat
870 2303 929 2333 hoc
951 2304 1156 2338 vocabulum,
1174 2305 1243 2334 vide
1269 2301 1330 2334 Oto.
1354 2305 1393 2335 de
1404 2304 1514 2341 Rem.
1528 2303 1548 2333 1.

189 2352 265 2386 Gell.
289 2355 326 2386 N.
347 2355 387 2384 Α.
413 2352 460 2388 16,
488 2352 535 2384 10.
782 2379 798 2393 ,
942 2354 972 2391 4)
997 2354 1077 2385 Vide
1100 2352 1167 2385 Liv.
1198 2353 1225 2392 1,
1248 2354 1297 2386 43.

269 2406 300 2442 5)
323 2405 402 2435 Vide
427 2403 678 2446 Schweylerum,
696 2407 734 2438 R.
756 2405 796 2436 G.
820 2405 845 2435 1.
868 2414 898 2444 p.
922 2405 994 2436 750.
1019 2408 1091 2437 ndn-
1115 2405 1157 2445 1).

273 2458 304 2495 6)
328 2456 435 2489 Varro
458 2460 496 2490 ιι.
520 2458 558 2488 R.
586 2457 612 2494 1,
639 2456 685 2494 10,
714 2456 741 2488 1)
757 2458 929 2498 Iugerum,
966 2459 1051 2496 quod
1087 2459 1255 2497 quadratos
1279 2459 1357 2489 duos
1380 2462 1467 2490 nctus
1490 2457 1549 2489 ha-

189 2512 273 2541 beat.
318 2510 416 2541 Actus
439 2512 629 2548 quadratus,
651 2512 704 2547 qui
728 2514 759 2539 et
781 2511 862 2540 latus
885 2514 931 2540 est
953 2512 1045 2548 pedes
1067 2514 1192 2541 centum
1214 2513 1246 2540 et
1265 2510 1396 2552 yigiuti,
1427 2513 1459 2540 et
1480 2509 1551 2540 ton-

195 2570 251 2599 gus
274 2562 415 2592 totidem.
