1696 3019
1356 290 1417 330 23

131 412 288 461 monia,
335 410 645 468 reprimeretur
695 409 880 454 luxuria.
953 407 1038 452 Sed
1084 408 1198 454 hane
1249 426 1354 461 rem,
1399 411 1482 455 etsi

97 524 99 526 ¹
130 475 257 536 plena
293 478 361 516 est
388 471 690 531 jucunditatis,
723 472 825 533 quia
857 487 881 514 a
912 479 1059 515 nostra
1079 473 1333 534 quaestione
1352 473 1483 533 paulo

130 536 424 584 alienior-est,
459 533 543 577 hoe
580 542 776 594 tempore
805 534 1065 578 omittamus.

252 595 378 651 Quid‘
401 595 573 653 legibus
607 608 719 640 esset
752 603 960 640 statutum
994 596 1048 640 de
1078 599 1142 647 iis,
1180 598 1255 657 qui
1275 595 1479 641 solvendo

129 674 216 703 non
259 664 422 708 essent,
467 657 556 717 jam
609 658 805 701 vidimus.
870 658 1027 702 Fuisse
1076 658 1247 702 eosdem
1293 674 1422 717 saepe
1455 674 1479 700 a

129 718 420 765 creditoribus
473 736 629 780 aspere
678 726 901 768 tractatos,
948 720 1077 764 facile
1120 728 1184 765 est
1225 719 1278 763 ad
1312 719 1479 764 intelli-

127 782 329 840 gendum,
373 797 505 840 quum
550 783 674 841 queri
713 790 904 840 possent,
947 781 1100 825 ductos
1146 799 1193 825 se
1229 798 1315 825 non
1344 784 1478 824 inser·
1532 801 1537 803 ·

127 845 277 889 vitium
312 842 388 888 sed
423 844 466 887 in
499 843 765 902 ergastulum
800 851 842 888 et
876 843 1167 888 carnificinam
1199 843 1347 888 fuisse.
1378 843 1406 895 ¹)

250 908 330 949 His
375 907 508 963 igitur
547 906 749 950 omnibus
792 923 844 950 ex
879 906 1011 950 rebus
1045 923 1256 965 apparere
1290 906 1476 956 videtur,

126 967 242 1029 quod
289 967 518 1012 ostendere
568 967 694 1012 nobis
744 969 1016 1029 propositum
1051 975 1165 1018 erat,
1201 983 1313 1028 quae
1346 968 1478 1011 fuerit

125 1037 226 1075 ante
274 1031 455 1090 primam
507 1031 549 1073 in
593 1039 782 1075 montem
824 1031 1006 1074 Sacrum
1049 1031 1336 1075 secessionem
1371 1030 1475 1074 Ple-

124 1091 323 1152 beJorum
367 1092 663 1138 Romanorum
714 1109 811 1137 cum
848 1096 892 1136 in
924 1092 1112 1153 publicis
1142 1092 1274 1137 rebus
1307 1101 1398 1136 tum
1431 1093 1475 1135 in

126 1155 307 1215 privatis
338 1154 539 1199 conditio.

213 1267 240 1306 1)
262 1268 328 1299 mv.
348 1245 377 1304 e,
402 1267 450 1298 23.
496 1268 548 1299 err
570 1268 599 1305 6,
623 1267 672 1299 36.
699 1268 729 1306 8,
753 1269 804 1300 28.
825 1269 951 1307 Dionys.
977 1268 1005 1305 5,
1029 1266 1077 1298 53.
