1696 3019
188 183 251 222 24

128 312 227 347 rant
254 302 301 362 ¹).
369 303 515 347 Erant
567 310 711 347 autem
746 329 802 337 —
841 303 981 352 Gellii
1033 303 1179 354 verbis
1229 305 1391 365 utimur
1425 331 1483 340 —

118 365 197 424 jus
229 366 399 410 interea
422 366 690 424 paciscendi,
731 381 783 409 ac
812 367 898 409 nisi
927 366 1062 425 pacti
1076 353 1247 426 {ov-ent,
1258 366 1485 412 habeban-

125 434 199 471 tur
231 429 275 471 in
298 428 484 472 vinealis
517 429 612 472 dies
642 430 885 488 sexaqinta.
933 428 1077 472 Inter
1113 444 1185 480 eos
1218 429 1329 483 dies,
1359 425 1487 494 trinis

125 491 335 533 ιιιιηάίηίε
381 491 610 542 continuis,
642 491 703 533 ad
737 491 997 535 Praetorem
1031 492 1075 533 in
1108 489 1338 535 Comitium
1373 507 1483 550 pro-

126 553 414 605 ducebantur,
486 560 763 626 quantaeque
823 555 1037 612 pecuniae
1080 553 1277 612 judicati
1325 561 1482 613 essent,

122 615 468 672 praedicabatur
492 615 532 667 ²)
567 615 731 659 Tertiis
764 616 1133 672 autemnundinis
1159 617 1302 674 capite
1314 631 1484 674 poenas

123 677 304 731 dabant,
359 683 435 721 aut
477 683 598 720 trans
634 677 825 721 Tiberim
867 693 1063 738 pereqre
1086 693 1241 722 venum
1274 676 1395 721 ibant
1405 676 1484 739 ³).

127 739 240 782 Dum
278 741 320 782 in
360 739 543 783 vinculis
580 739 854 787 tenebantur,
889 741 931 783 in
968 741 1160 799 ipsorum
1195 738 1379 784 arbitrio
1401 756 1483 799 po-

122 801 254 844 situm
297 809 406 850 erat,
454 800 509 845 de
555 817 692 846 suone
746 803 911 849 vivere,
955 818 1010 845 an
1044 818 1067 845 a
1104 800 1394 845 creditoribus
1426 802 1483 846 ali

124 863 315 909 mallent.
382 864 429 908 Si
480 863 565 909 boc
615 858 840 923 eligerent,
875 872 965 908 tum
1005 866 1048 908 in
1082 863 1390 925 quotidianum
1415 865 1483 908 vi-

123 933 241 968 ctum
283 926 480 984 singulas
526 926 662 970 libras
712 927 841 969 farris
893 927 986 979 dari
1045 926 1277 986 oportebat
1300 926 1332 981 ⁴)
1410 927 1482 970 Ad
1529 947 1533 951 ’

122 987 236 1031 hanc
275 988 383 1046 legis
418 987 700 1033 acerbitatem
736 977 974 1033 accedebat
1009 990 1151 1038 etiam,
1182 987 1301 1050 quod
1336 987 1484 1032 credi-—

122 1058 240 1094 tores
271 1067 357 1093 non
393 1051 520 1105 modo
554 1052 602 1093 in
641 1058 806 1109 patrem
841 1051 1041 1101 familias,
1078 1052 1153 1095 sed
1186 1052 1308 1094 etiam
1344 1052 1387 1093 in
1424 1051 1483 1095 li-

121 1111 252 1157 beros
282 1112 378 1172 ejus
409 1120 677 1173 nepotesque
702 1112 802 1172 jure
834 1115 937 1157 nexi
972 1115 1033 1156 uti
1060 1121 1259 1173 poterant
1278 1112 1327 1170 ⁵).

253 1175 365 1218 Sunt
399 1177 493 1219 sine
524 1175 659 1219 dubio
689 1175 825 1224 multi,
844 1176 918 1235 qui
955 1175 1066 1219 hane
1091 1177 1228 1234 legem
1261 1174 1479 1220 crudelis-

116 1236 269 1279 simam
300 1236 510 1296 judicent,
544 1237 812 1296 eandemque
852 1238 1080 1294 immanem
1126 1239 1263 1295 magis
1299 1244 1340 1280 et
1373 1236 1479 1280 bar-

119 1296 273 1341 barum
308 1316 440 1359 quam
477 1299 709 1343 homanum
748 1299 953 1358 populum
995 1307 1126 1360 atque
1162 1295 1338 1360 optimis
1371 1299 1479 1343 arti-

127 1359 211 1403 bus
259 1369 458 1405 ornatum
507 1361 705 1405 decuisse
754 1369 920 1420 putent.
986 1363 1085 1404 Non
1128 1360 1481 1420 repugnabimus.

120 1422 233 1465 Illud
271 1430 437 1467 tantum
470 1424 732 1478 monendum
770 1432 989 1483 putamus,
1035 1424 1269 1474 Romanos,
1304 1424 1379 1483 qui
1413 1426 1480 1466 ni-

121 1483 183 1528 bil
218 1485 303 1529 fide
340 1487 563 1547 antiquius
600 1485 835 1533 habebant,
869 1488 914 1528 in
962 1485 1134 1544 legibus
1166 1485 1477 1531 constituendis

121 1547 165 1590 id
199 1549 385 1593 maxime
427 1556 665 1608 spectasse,
700 1556 748 1592 ut
783 1550 980 1606 vigerent
1018 1548 1232 1593 industria
1266 1556 1307 1593 et
1336 1549 1501 1609 parsiss·
1528 1606 1539 1616 ,

198 1661 227 1697 1)
253 1661 315 1691 Lex
350 1666 432 1694 erat:
466 1661 592 1694 Aeris
621 1662 789 1704 confeSi
813 1661 1007 1704 rebusque
1040 1665 1125 1692 iure
1157 1662 1341 1693 iudicatis
1365 1660 1483 1693 XXX

115 1710 197 1743 dies
229 1716 325 1746 iusti
355 1718 479 1747 sunto.
522 1714 622 1747 Post
643 1715 783 1747 deinde
805 1725 941 1746 manus
968 1717 1128 1746 iniectio
1152 1717 1251 1752 esto,
1274 1709 1311 1746 in
1332 1718 1393 1747 ius
1415 1714 1478 1746 du-

111 1768 196 1796 cito.
242 1764 298 1797 Ni
327 1767 544 1799 iudicatum
566 1768 700 1811 facit,
734 1771 802 1798 aut
834 1771 948 1809 quipe
984 1767 1081 1798 endo
1114 1778 1167 1798 em
1188 1771 1271 1799 iure
1299 1768 1478 1805 vindicii,

111 1820 181 1849 ant
209 1829 331 1850 nervo
364 1824 434 1851 aut
465 1819 719 1863 compedibus
753 1818 830 1850 XV
845 1819 979 1861 pondo
1008 1830 1050 1851 ne
1072 1823 1240 1851 maiore:
1261 1822 1301 1851 at
1322 1822 1357 1850 ei
1375 1819 1481 1851 volet

110 1874 274 1909 minore,
297 1876 450 1905 vincito.

196 1924 230 1962 2)
252 1925 315 1956 Lex
342 1928 423 1957 haec:
456 1923 513 1957 Ni
541 1935 623 1956 cum
653 1936 694 1956 eo
711 1927 844 1966 pacit,
866 1922 939 1954 LX
963 1924 1049 1956 dies
1071 1925 1169 1956 endo
1190 1924 1359 1956 vinculis
1386 1927 1477 1956 reti-

112 1979 210 2007 neto.
270 1975 440 2008 Interibi
471 1981 591 2009 trinio
624 1977 814 2008 nundinis
836 1979 1038 2007 continuis
1060 1980 1098 2007 in
1123 1975 1328 2008 Comitium
1347 1979 1477 2018 proci-

112 2031 217 2065 tato,
241 2033 415 2071 aerisque
438 2032 639 2061 oeetimiam
662 2029 837 2060 iudicati
859 2029 1095 2069 proedicato.

198 2081 230 2118 3)
252 2083 342 2120 Legis
366 2084 459 2113 verba
479 2087 569 2113 sunt:
593 2079 670 2112 Ast
691 2082 882 2123 sipiares
902 2084 1032 2118 erunt,
1054 2085 1111 2112 rei
1139 2080 1266 2112 tertls
1293 2081 1478 2112 nundinis

107 2136 242 2175 partis
273 2135 454 2164 secanto:
484 2131 635 2174 Siplue
658 2136 833 2164 minusve
855 2136 1083 2170 secuerunt,
1105 2132 1411 2177 sefraudEsto:
1436 2131 1479 2165 Sc·

113 2186 259 2224 volent,
283 2187 343 2217 ule
369 2186 534 2218 Tiberim
551 2197 721 2228 pereqre
743 2197 875 2217 venum
897 2186 1028 2218 danto.
1069 2187 1149 2218 Sunt
1174 2188 1225 2226 qui
1251 2185 1403 2225 (Caeeilius
1425 2194 1475 2224 ap.

113 2239 248 2269 Gellium
283 2238 349 2277 (20,
385 2239 423 2277 1),
452 2238 656 2277 Quintilianus
680 2241 764 2275 (inst.
789 2239 877 2270 Orat.
902 2239 930 2275 3,
957 2239 986 2274 6,
1005 2240 1068 2278 84),
1092 2239 1237 2270 Momms.
1260 2241 1310 2277 (R.
1339 2239 1376 2269 G.
1400 2239 1424 2268 1.
1447 2247 1476 2276 p.

110 2291 193 2329 144),
228 2292 279 2322 alii
301 2292 415 2330 (legem
450 2292 492 2322 ita
517 2292 770 2330 interpretantur,
795 2296 828 2322 ut
851 2300 1026 2329 corporum,
1050 2294 1101 2324 aiii
1126 2298 1241 2329 autem,
1265 2297 1300 2324 ut
1321 2276 1477 2333 hbnorum

105 2343 276 2373 sectionem
298 2344 462 2383 significet.
505 2343 584 2373 Vide
606 2341 747 2374 Heinece.
773 2351 800 2381 p.
824 2342 894 2376 609.
1345 2353 1348 2375 ῑ

192 2396 223 2433 4)
248 2396 309 2425 Lex
340 2398 421 2425 erat.
449 2393 493 2425 Si
513 2394 632 2432 volet,
657 2406 727 2427 suo
757 2394 869 2427 VIto:
890 2397 927 2425 ni
947 2406 1017 2427 cuo
1047 2395 1121 2428 VIt
1142 2400 1207 2439 qui
1228 2407 1280 2429 em
1303 2398 1473 2427 vinctum

105 2447 283 2485 lzabebit,
307 2446 577 2488 librasfaRis
599 2449 697 2480 endo
720 2449 804 2480 dies
827 2448 942 2479 dato:
962 2452 995 2480 si
1015 2450 1138 2488 volet,
1157 2450 1252 2493 plus
1274 2449 1377 2481 dato.

193 2502 224 2539 5)
249 2501 328 2532 Vide
351 2500 419 2533 Liv.
443 2502 473 2538 2,
498 2501 547 2532 24.
568 2501 597 2537 8,
621 2501 672 2532 28.
718 2501 771 2532 err
794 2501 923 2542 Dionys.
948 2501 977 2537 6,
1003 2502 1050 2533 26.
