1696 3019
238 193 292 231 18

170 325 284 371 quae
319 310 374 355 ad
407 311 570 354 victum
600 308 855 369 cultumque
887 309 1155 368 pertineant,
1199 290 1355 368 paene
1381 309 1525 358 abun-

171 374 297 421 dent‚
329 381 472 416 tamen
506 387 638 430 saepe
671 373 713 414 in
747 387 912 414 summu
947 371 1035 413 sint
1056 373 1336 429 pecuniarum
1355 374 1525 431 iuopia,

170 451 259 495 quo
294 434 366 484 fit,
403 441 451 477 ut
485 449 571 476 non
605 434 699 476 sine
732 448 884 489 magno
931 434 1128 488 negotio,
1177 448 1290 493 quae
1319 433 1539 484 debeant.

172 505 397 540 numerato
445 496 610 539 solvere
658 497 839 553 possint.
924 495 1026 537 Eam
1063 502 1204 537 autem
1243 497 1526 553 pecuniarum

173 559 362 617 inopiam
410 559 599 616 antiquis
648 555 921 615 temporibus
963 557 1090 599 etiam
1133 556 1337 616 majorem
1371 559 1542 607 fuisse.
1606 565 1609 567 ’
1677 565 1682 568 ”

173 637 227 665 ex
261 636 311 663 eo
347 620 611 664 concludere
637 619 738 679 jure
768 618 956 678 quodam
986 633 1240 678 possumus,
1273 620 1391 680 quod
1413 636 1527 665 mer-

173 690 322 727 cature
373 690 415 725 et
465 683 641 725 omnino
691 689 807 724 artes
839 681 1065 730 sordidae,
1100 697 1214 740 quae
1247 682 1529 759 vocabantur,

176 745 331 805 pai-usn
363 746 487 804 quasi
521 744 718 788 excultae
755 751 889 786 erant

344 823 427 850 uae
463 824 595 867 quum
628 808 690 850 ita
720 806 828 856 sint,
859 804 1233 849 verisimillimum
1246 814 1333 856 est,
1368 804 1527 857 Plebe-

171 870 320 928 jorum
354 885 439 912 non
476 885 638 927 paucos
670 870 797 911 etiam
831 868 1091 910 tributorum
1125 868 1430 911 solvendorum
1449 882 1529 912 ca-

174 948 251 975 usa
287 947 418 989 saepe
453 931 589 974 fuisse
629 938 804 974 coactos
836 945 907 972 aes
954 929 1100 972 facere
1145 929 1355 980 alienum,
1410 929 1530 996 quod

175 994 321 1037 multis
356 993 494 1035 modis
530 995 706 1036 nimium
737 1000 945 1051 quantum
981 992 1233 1047 augebatur.
1301 985 1529 1047 Accessit,

174 1055 314 1116 quod,
348 1055 384 1097 si
423 1057 521 1115 quis
562 1054 619 1098 ob
668 1055 781 1097 aeris
819 1054 946 1096 alieni
996 1053 1355 1109 magnitudinem,
1404 1068 1529 1099 usum

175 1118 300 1161 fundi
349 1119 417 1160 sui
466 1126 508 1161 et
558 1118 749 1160 fructum
783 1116 985 1160 creditori
1033 1118 1341 1165 concessisset.
1395 1117 1530 1161 nihilo
1566 1165 1569 1168 ,

177 1183 319 1224 minus
353 1179 447 1239 ipse
497 1177 660 1223 tributa
707 1195 762 1221 ex
795 1178 912 1222 iliius
948 1177 1069 1221 fundi
1104 1180 1403 1222 aestimatione
1436 1178 1529 1222 sol-

177 1259 279 1287 vere
312 1241 501 1285 debebat
526 1240 577 1291 ¹).
642 1241 807 1285 Omnes
839 1241 950 1283 enim
982 1242 1056 1299 qui
1080 1243 1197 1285 censi
1219 1240 1412 1294 erant²)‚
1443 1243 1528 1285 tri·
1570 1288 1577 1290 μ

177 1305 282 1347 buta
316 1304 505 1362 pendere
538 1303 771 1346 debebant.
838 1305 968 1344 Nemo
1002 1310 1166 1351 autem,
1189 1305 1283 1352 ,nisi
1318 1305 1393 1363 qui
1428 1320 1528 1346 cen-

176 1382 252 1411 sus
282 1373 398 1416 erat,
435 1365 628 1408 militiam
668 1364 813 1408 facere
846 1371 1019 1424 poterat
1038 1362 1092 1418 ³).
1141 1365 1226 1409 Sed
1250 1382 1300 1409 ex
1325 1368 1397 1414 iis,
1417 1381 1529 1425 quae

176 1429 231 1472 de
261 1428 345 1471 hac
376 1443 423 1470 re
457 1434 605 1470 narrat
627 1428 780 1470 Livius
804 1427 841 1484 ⁴)
876 1426 1196 1470 evidentissime
1212 1435 1412 1486 apparet,
1447 1427 1528 1470 ho·

178 1491 342 1539 mines,
377 1488 434 1531 ob
470 1505 541 1532 aes
577 1489 764 1532 alienum
795 1504 950 1536 nexos,
986 1488 1200 1548 stipendia
1223 1490 1368 1533 facere
1386 1506 1528 1548 posse,

177 1554 293 1597 unde
326 1552 529 1598 efficitur,
578 1552 736 1594 debere
772 1552 898 1594 etiam
943 1551 1114 1594 eosdem
1150 1552 1319 1595 solvere
1351 1552 1528 1598 tributa.
1585 1571 1589 1573 ·

305 1614 378 1656 Ad
409 1614 508 1656 ilias
544 1630 620 1672 per
652 1630 698 1655 se
730 1614 837 1655 satis
871 1629 1049 1667 magnas
1084 1616 1195 1656 aeris
1231 1615 1415 1658 faciendi
1451 1632 1529 1660 ca-

178 1692 281 1719 usas
311 1684 591 1719 accesserunt
628 1677 756 1718 etiam
786 1691 922 1733 prope
956 1684 1163 1734 perpetua
1204 1692 1301 1720 cum
1336 1677 1530 1722 finitimis

178 1738 354 1798 populis
404 1737 542 1788 bella,
592 1737 753 1796 quibus
803 1736 969 1794 Plebeji
1018 1738 1228 1796 imprimis
1278 1741 1530 1794 gravissime

180 1800 501 1860 premebantur.
568 1799 679 1842 Sunt
713 1800 824 1842 enim
857 1799 1030 1842 omnino
1064 1799 1199 1849 belia,
1247 1801 1287 1843 id
1323 1802 1439 1860 quod
1485 1804 1527 1846 in

178 1865 271 1920 ipsa
306 1878 448 1905 rerum
489 1869 640 1904 natura
674 1862 863 1920 positum
895 1877 990 1904 esse
1018 1863 1204 1910 videtur,
1228 1878 1323 1906 cum
1349 1863 1529 1922 reipub-

177 1925 287 1968 licae
322 1932 411 1967 tum
448 1925 627 1981 privatis
662 1940 791 1982 saepe
826 1924 896 1965 vix
932 1922 1197 1975 tolerabilia,
1226 1941 1395 1983 semper
1434 1943 1528 1969 mo-

179 1986 305 2029 lesta.
371 1985 494 2034 Quod
532 1987 566 2027 si
599 1985 681 2028 boc
710 1985 762 2028 de
797 1986 997 2028 universa
1032 1986 1243 2030 bellorum
1272 1996 1529 2032 natura-me·

178 2049 263 2091 rito
297 2047 381 2089 dici
413 2054 580 2106 potest,
615 2047 744 2090 facite
777 2053 844 2090 est
867 2046 919 2088 ad
944 2048 1289 2106 intelligendum,
1321 2058 1527 2110 quantam

266 2159 295 2196 1)
317 2161 397 2190 vtae.
422 2159 603 2201 Schweyler.
636 2163 673 2191 n.
698 2163 734 2192 G.
758 2164 799 2192 ιι.
817 2171 844 2199 ρ.
870 2160 940 2191 2¹0.

263 2212 293 2246 2)
317 2212 374 2246 lis,
398 2213 452 2250 qut
475 2213 576 2250 capite
595 2209 679 2242 cens'i
702 2218 805 2248 erant,
827 2214 972 2250 exceptis.

260 2263 293 2299 3)
316 2263 395 2293 Vide
417 2265 502 2301 quod
527 2266 564 2294 de
585 2264 641 2293 hac
662 2271 695 2293 re
717 2265 855 2301 disputat
880 2261 995 2296 Gellius
1016 2267 1053 2297 N.
1078 2266 1117 2297 A.
1145 2264 1192 2299 16,
1220 2264 1266 2295 10.

303 2314 355 2344 Ct'r
378 2311 504 2345 Sallust.
529 2316 605 2345 Bell.
628 2315 701 2351 Jug.
724 2322 791 2352 cap.
825 2315 875 2345 86:
910 2317 979 2355 Ipse
1007 2317 1157 2354 (Marius)
1179 2318 1296 2346 interea
1320 2317 1430 2346 milites
1452 2318 1529 2347 scri-

176 2366 267 2400 bere,
277 2373 352 2395 non
375 2372 462 2395 more
495 2367 668 2402 majorum,
703 2372 804 2401 neque
836 2374 871 2396 ex
903 2369 1067 2402 classibus,
1103 2367 1156 2397 sed
1180 2368 1224 2396 uti
1247 2367 1397 2404 cujusque
1420 2368 1526 2398 lubido

175 2420 262 2451 erat,
283 2416 387 2452 capite
406 2423 515 2446 censos
538 2418 711 2453 puerosque.

260 2467 292 2499 4)
314 2474 343 2498 e.
367 2475 395 2509 g.
420 2468 449 2502 2
471 2466 522 2496 24:
560 2467 626 2497 Hoc
659 2467 817 2503 proposito
851 2469 968 2504 edicto,
1002 2473 1032 2499 et
1066 2469 1118 2505 qui
1147 2469 1276 2499 aderant
1298 2470 1366 2499 nexi
1388 2470 1527 2506 profiteri

173 2519 328 2555 extemplo
351 2518 497 2552 nomina:
521 2522 550 2547 et
574 2532 610 2540 ·-
632 2534 673 2539 —
697 2532 745 2547 -.
790 2520 906 2557 Magna
929 2528 964 2549 ea
993 2527 1103 2550 manus
1126 2521 1195 2550 [uit.
