1696 3019
1377 265 1435 304 15

149 407 256 450 egro
286 392 470 438 colendo
511 390 764 451 perciperet.
830 388 1077 432 Mercatura
1108 388 1220 430 enim
1272 396 1313 430 et
1354 387 1502 431 fabrili

149 457 283 513 opera
316 462 545 515 quaestum
575 454 722 495 iacere
756 453 841 494 non
871 451 977 494 satis
1017 447 1197 493 liberale
1245 449 1503 501 habebatur,

148 516 207 561 ob
240 532 422 580 eamque
455 532 545 559 rem
593 515 686 557 sine
732 512 867 557 dubio
914 514 943 555 ii
995 514 1201 572 perpauci
1234 520 1379 564 erant,
1428 514 1503 571 qui

149 577 253 621 huic
283 581 497 638 quaestus
522 575 670 633 generi
703 590 878 633 operam
927 575 1103 622 darent,
1145 590 1232 634 quo
1268 574 1421 623 fiebat,
1456 583 1503 617 ut

151 639 226 683 diu
261 640 376 698 apud
411 640 632 683 Romanos
657 635 869 695 ejusmodi
901 636 1081 680 artificia
1116 644 1158 679 et
1191 638 1362 680 omnino
1386 644 1503 681 artes

150 700 383 759 operosae,
410 716 532 761 quae
584 698 864 750 vocabantur,
917 701 1041 759 quasi
1088 699 1247 742 inculta
1291 700 1502 757 jacerent.

154 762 282 818 Quod
315 765 352 807 si
388 761 620 806 verisimile
656 768 742 810 est,
794 760 953 805 fundos
996 761 1116 809 illos,
1166 762 1209 804 in
1242 778 1351 822 quos
1385 778 1503 818 ager,

153 827 281 884 quem
317 824 489 884 Plebeji
523 822 826 884 possidebant,
861 832 954 867 erat
983 825 1172 871 divisus,
1212 832 1299 866 tam
1345 840 1504 882 parvos

152 887 311 936 fuisse,
346 894 393 929 ut
428 889 499 929 vix
533 886 718 928 dominis
746 901 843 929 cum
876 885 1025 929 liberis
1077 894 1305 945 ceteraque
1337 885 1504 929 familia

156 949 319 993 victum
354 947 568 1008 praebere
600 956 802 1006 possent,
834 948 962 991 facile
996 954 1061 991 est
1079 946 1132 989 ad
1158 948 1505 1004 intelligendum,

154 1010 328 1055 eosdem
362 1010 497 1055 multo
532 1011 674 1052 minus
705 1010 759 1052 ad
789 1026 859 1053 res
877 1010 1144 1053 necessarias
1161 1010 1505 1069 suppeditandas

154 1073 404 1120 suffecisse,
435 1089 568 1133 quum
603 1085 808 1116 numerus
858 1071 1135 1131 Plebejorum
1179 1073 1332 1116 mirum
1360 1089 1503 1133 quan-

154 1144 245 1180 tum
276 1152 360 1179 non
397 1137 522 1178 modo
559 1143 728 1186 auctus,
746 1134 822 1178 sed
853 1136 980 1178 etiam
1016 1136 1147 1178 variis
1181 1135 1318 1179 modis
1355 1135 1505 1178 multi-

155 1197 344 1257 plicatus
375 1198 541 1240 fuisset.
607 1198 715 1241 dure
765 1205 906 1241 autem
952 1197 1097 1241 dicere
1141 1213 1391 1255 possumus,
1425 1214 1506 1257 pro

158 1259 432 1303 multitudine
462 1259 680 1302 bominum
714 1275 862 1316 agrum
894 1258 1172 1317 Plebejorum
1206 1276 1290 1302 non
1331 1268 1505 1302 auctum

156 1322 312 1371 fuisse3
363 1320 523 1381 quibus
575 1336 628 1364 ex
675 1320 875 1365 omnibus
941 1323 1214 1364 exorirentur
1273 1329 1509 1381 paupertas

158 1392 289 1443 atque
318 1385 463 1443 inopia
515 1399 690 1427 necesse
738 1393 843 1427 erat.
908 1384 1046 1427 Erant
1096 1391 1320 1443 praeterea
1357 1383 1507 1434 fundi,

156 1463 267 1507 quos
304 1448 419 1490 cives
453 1446 635 1490 Romani
670 1445 971 1505 possidebant,
1006 1446 1260 1506 plerumque
1309 1446 1508 1499 heredia,

158 1519 272 1569 quae
300 1510 481 1568 antiquo
501 1524 619 1551 more
639 1510 795 1552 nemini
828 1509 909 1550 nisi
928 1507 1075 1551 heredi
1096 1509 1206 1551 tradi
1225 1516 1426 1566 poterant
1448 1507 1509 1562 ¹),

158 1580 223 1619 et,
255 1572 291 1615 si
321 1579 460 1630 pater
509 1570 683 1630 quidam
732 1570 918 1613 familias
965 1570 1112 1629 plures
1151 1570 1342 1613 habebat
1375 1571 1509 1621 filios,

158 1641 248 1677 tum
291 1633 343 1680 ii,
384 1632 500 1675 nulla
551 1631 763 1675 bonorum
797 1632 1009 1675 divisione
1047 1632 1186 1680 facta,
1231 1632 1449 1691 praedium
1483 1647 1508 1674 a

160 1703 286 1755 patre
320 1694 515 1736 relietum
555 1710 780 1738 commune
831 1710 961 1752 saepe
1011 1692 1253 1746 liabebantg
1304 1696 1377 1754 qui
1418 1709 1510 1737 mos

160 1758 233 1800 diu
269 1756 382 1815 apud
417 1755 637 1799 Romanos
671 1764 865 1800 retentus
898 1763 976 1800 est.
1041 1757 1201 1800 Narrat
1250 1758 1362 1800 enim
1414 1757 1511 1799 Va-

159 1820 292 1864 lerius
339 1818 556 1861 Maximus
581 1818 639 1874 ²),
691 1819 876 1862 sedecim
926 1818 1074 1861 eodem
1125 1826 1315 1873 tempore
1362 1818 1510 1862 Aelius

161 1882 323 1929 fuisse,
375 1879 557 1939 ''quibu-e
606 1897 694 1924 una
742 1881 1002 1934 domuncula
1036 1880 1178 1931 erat'',
1230 1889 1270 1924 et
1304 1882 1510 1925 nnumin

160 1959 268 2001 agro
298 1941 478 2001 Vejcnte
510 1942 717 1991 fundum,
765 1940 934 1985 ”minus
967 1942 1125 1986 multos
1163 1943 1352 1986 cultores
1398 1943 1512 1986 desi-

162 2006 383 2048 derantem
422 2021 550 2063 quam
587 2006 782 2047 «lominus
816 2004 1042 2049 babebat.”

297 2067 522 2109 Possessio
552 2075 693 2110 autem
727 2069 817 2123 agri
855 2067 1038 2125 publici,
1072 2082 1198 2125 quem
1222 2073 1359 2108 tolum
1391 2065 1442 2107 ad
1467 2081 1512 2107 se

165 2129 342 2171 patricii
370 2136 604 2187 rapuerant
622 2128 676 2181 ³),
703 2129 892 2173 nondum
913 2126 1105 2185 Plebejis
1129 2143 1332 2172 consessa
1351 2134 1444 2171 erat
1460 2126 1513 2182 ⁴).

248 2241 277 2279 1)
305 2240 410 2272 Varro
432 2243 470 2272 R.
496 2243 532 2272 R.
561 2242 585 2278 l,
607 2242 652 2278 10,
676 2244 704 2274 2.
730 2244 782 2274 crr
808 2242 868 2274 Oic.
892 2244 930 2273 de
953 2243 1039 2274 Orat.
1063 2244 1095 2278 2,
1119 2242 1167 2273 55.
1276 2241 1308 2277 2)
1330 2241 1360 2279 4,
1383 2240 1412 2275 4,
1437 2238 1466 2270 8.

246 2292 279 2331 3)
301 2291 525 2335 Arquebantur
554 2297 665 2334 patrea
697 2305 793 2336 ayroe
821 2294 961 2336 publicos
979 2305 1040 2335 per
1061 2297 1204 2335 injustam
1221 2292 1399 2334 possidere,
1423 2295 1453 2322 vi
1471 2294 1515 2322 te-

161 2355 233 2376 nere
255 2344 337 2385 (Liv.
361 2347 390 2382 4,
416 2345 487 2383 51),
509 2347 613 2385 injusti
632 2346 747 2377 domini
766 2350 836 2388 aym·
850 2346 967 2389 publici
988 2356 1053 2378 esee
1076 2348 1120 2385 (4,
1145 2345 1206 2384 53),
1230 2349 1261 2376 in
1289 2347 1514 2386 possessionem

161 2400 232 2439 aym·
251 2395 365 2439 publici
381 2400 527 2438 qma-sari
551 2397 594 2435 (6,
619 2399 658 2436 5),
673 2400 858 2438 similiaque.

246 2451 278 2487 4)
306 2448 382 2480 »Βίε
402 2459 441 2478 zu
464 2448 522 2479 den
543 2448 712 2480 licinisclzen
738 2448 900 2488 Geeetzen,
923 2449 971 2481 die
994 2448 1075 2480 auch
1090 2449 1199 2480 diesem
1208 2448 1414 2491 patrici-echon
1433 2447 1514 2479 Vor-

162 2500 248 2533 reoltt
268 2504 315 2534 ein
339 2500 430 2533 Ende
448 2501 590 2543 qemacht
611 2501 727 2539 haben,
749 2514 816 2534 war
848 2503 907 2535 das
936 2506 1069 2544 yemea'ne
1091 2502 1169 2533 Feld
1189 2506 1220 2534 in
1242 2502 1338 2533 ihr-em
1360 2500 1516 2532 Alleinhe-

162 2555 228 2584 sitz.
273 2552 455 2593 Schweyler,
479 2555 519 2585 11.
542 2555 581 2585 G.
603 2555 645 2584 11.
670 2564 699 2592 p.
724 2553 797 2585 448.
1551 2552 1564 2556 ”

289 2604 342 2636 Cl'r
365 2604 431 2637 Lio.
454 2607 484 2642 4,
509 2604 557 2636 51.
