1696 3019
1401 272 1456 310 1¹7

143 384 147 388 Α
174 390 381 437 batorum
414 389 772 450 imponendorum
806 389 919 431 ratio
951 389 1011 432 ita
1047 395 1141 432 erat
1170 396 1440 447 comparata,
1474 397 1523 434 ut

175 445 387 508 disemo,
420 449 496 513 qui
536 451 696 495 fundos
723 447 959 499 haberent,
1001 449 1310 510 opprimendos
1340 450 1522 495 multum

174 510 269 562 sine
306 513 454 567 ‘dnbio
503 510 678 556 valeret.
746 510 1024 555 vendebatur
1077 514 1188 556 enim
1223 512 1431 556 tributum
1456 529 1521 558 -ex

174 577 305 633 censu
344 576 432 625 vel,
462 582 509 617 ut
542 575 658 617 dicit>
679 575 821 616 Varro
845 573 896 628 ¹),
925 590 1008 632 pro
1028 577 1229 632 portione
1247 591 1398 619 census
1425 577 1519 619 exi-

172 638 366 698 qeba'lur.
430 636 517 680 Sed
549 652 619 680 res
654 642 820 679 tantum
859 652 1094 696 corporeae
1115 635 1170 694 ²),
1220 654 1333 697 quae
1361 637 1516 682 dicun-

173 703 259 749 tur,
294 699 459 743 censeri
494 698 717 746 solebant,
752 698 864 740 nulla
902 701 1174 752 pecuniarum
1211 702 1303 742 sive
1333 700 1520 743 credita-

172 777 267 815 rum
301 763 395 805 sive
424 759 666 804 debitarum
686 761 853 804 ratione
869 759 1016 804 habita
1041 759 1071 816 3)
1111 786 1159 793 -
1185 761 1227 803 id
1246 761 1362 821 quod
1388 762 1517 805 etiam

172 823 306 879 exeo
356 830 557 881 apparet,
611 822 728 882 quod
762 824 815 872 ii,
863 824 938 882 qui
991 823 1048 866 ob
1082 839 1155 865 aes
1186 824 1372 867 alienum
1418 824 1519 867 nexi

173 892 325 943 erant,
353 884 566 943 stipendia
612 900 774 928 merere
819 892 1019 944 poterant
1059 910 1116 918 —
1144 883 1202 941 ⁴),
1237 902 1325 945 quo
1357 885 1516 939 fiebat,

172 956 221 1000 ut
253 947 451 1002 patricii,
477 963 661 1007 quorum
696 946 871 990 divitiae
907 948 1001 990 sine
1034 946 1165 990 dubio
1200 950 1428 992 maximam
1462 948 1517 991 ad

173 1012 337 1068 partem
388 1026 441 1052 ex
490 1010 583 1065 agri
637 1009 801 1068 publici
851 1008 1199 1066 possessionibus
1248 1018 1291 1052 et
1321 1011 1517 1068 pecuniis

171 1064 348 1116 ixi-editis
382 1070 665 1123 constabant,
698 1071 960 1115 levissimum
998 1087 1073 1129 pro
1107 1071 1179 1119 iis,
1212 1087 1324 1130 quae
1348 1088 1395 1115 re
1414 1088 1514 1115 vera

166 1131 412 1184 habebant,
444 1133 652 1175 tributum
686 1133 915 1175 solverent.
981 1136 1101 1187 Ager
1152 1134 1264 1174 enim
1313 1132 1516 1190 publicus

170 1195 318 1239 censui
352 1193 567 1238 censendo
602 1210 686 1237 non
722 1202 813 1238 erat
834 1193 884 1251 ⁵).
1310 1201 1314 1205 ·

296 1257 420 1300 Hane
453 1256 713 1300 tributorum
749 1255 1059 1312 exigendorum
1094 1257 1302 1299 rationem
1323 1254 1514 1313 Plebejis

168 1319 483 1380 iniquissimam
517 1319 674 1368 fuisse,
708 1335 832 1362 nemo
863 1317 993 1361 facile
1024 1319 1267 1373 negaverit,
1290 1335 1422 1378 quum
1441 1334 1515 1361 sa-

169 1383 226 1425 tis
257 1390 447 1432 constet,
480 1390 612 1438 totam
647 1382 737 1429 fere
769 1398 915 1425 eorum
964 1397 1053 1423 rem
1102 1381 1358 1425 familiarem
1410 1397 1514 1424 con-

168 1444 295 1488 tineri
328 1443 581 1503 praediolis,
610 1459 724 1503 quae
750 1458 1073 1501 nonnumquam
1108 1451 1286 1501 propter
1314 1458 1388 1486 aes
1405 1443 1513 1486 alie-

169 1521 266 1549 num
301 1507 427 1550 etiam
455 1507 737 1564 oppignerata
774 1513 908 1551 erant.
974 1505 1127 1564 Neque
1160 1512 1226 1548 est
1245 1504 1514 1556 mirandum,

168 1569 205 1611 si
239 1569 346 1612 haec
378 1566 562 1616 tributa,
604 1569 730 1610 etiam
765 1569 824 1615 si,
875 1568 977 1610 dum
1021 1566 1194 1623 vigebat
1225 1568 1405 1624 pristina
1437 1567 1511 1610 illa

168 1631 351 1690 simplex
375 1628 640 1688 reipublicae
659 1628 1025 1672 administrandae
1042 1629 1174 1677 ratio,
1210 1645 1343 1687 parva
1367 1636 1513 1679 erant,

170 1692 305 1737 nihilo
337 1695 477 1735 minus
506 1693 578 1742 iis,
608 1693 682 1750 qui
719 1690 976 1749 penderent,
1027 1692 1281 1746 gravissima
1319 1691 1510 1734 fuerunt.

169 1755 232 1798 Ea
264 1754 375 1799 enim
413 1753 554 1797 adhue
586 1761 671 1803 est,
708 1753 749 1796 id
783 1753 898 1812 quod
932 1753 1059 1797 etiam
1110 1754 1153 1795 in
1188 1759 1335 1796 nostra
1371 1754 1509 1812 patria

169 1817 385 1867 videmus,
419 1817 679 1859 rusticorum
714 1816 924 1865 conditio,
955 1823 1023 1864 ut,
1058 1817 1256 1874 quamvis
1286 1816 1339 1858 iis
1357 1815 1513 1865 rebus,

255 1928 285 1968 1)
306 1931 340 1961 L.
363 1931 398 1960 L.
423 1930 451 1966 5,
475 1930 514 1961 49
536 1931 586 1968 (ed
608 1931 775 1969 Spengel.).
801 1930 961 1968 Quantum
984 1940 1040 1969 pro
1063 1940 1118 1962 sua
1153 1931 1284 1969 quisque
1306 1939 1338 1961 re
1360 1931 1513 1961 tributum

167 1983 292 2014 solverit
313 1983 450 2020 antiquis
472 1984 680 2020 temporibus.
705 1992 762 2021 pro
783 1988 867 2013 certo
889 1984 983 2013 statui
1007 1991 1070 2013 non
1094 1986 1210 2020 potest,
1233 1983 1264 2012 id
1288 1982 1372 2020 quod
1394 1982 1425 2012 in
1446 1982 1511 2019 ipsa

167 2043 271 2065 rerum
293 2038 405 2065 natura
429 2034 564 2072 positum
587 2038 649 2071 eet,
671 2043 787 2072 quum,
811 2039 904 2072 prout
925 2042 973 2064 res
996 2035 1189 2072 postulabat,
1205 2038 1372 2072 augeretur
1393 2034 1513 2064 velmi-

166 2090 325 2117 nueretur.

252 2136 285 2173 2)
307 2136 358 2166 Ad
381 2145 459 2174 quas
482 2138 631 2174 pecuniae
650 2142 831 2168 numeratae
852 2142 925 2168 sunt
941 2137 1135 2173 referendae,
1158 2141 1285 2167 auctore
1311 2135 1455 2169 (licet-one
1473 2141 1512 2170 de

168 2189 242 2227 Leg.
266 2188 296 2225 3,
319 2188 348 2219 3:
374 2186 522 2220 Censores
548 2188 661 2230 populi
691 2187 847 2225 aevitatie,
868 2186 998 2224 subolis,
1019 2188 1179 2232 familiae,
1212 2192 1419 2231 pecuniasque
1440 2200 1510 2222 cen-

166 2242 261 2271 cento.

251 2292 282 2330 3)
305 2294 385 2326 Vide
407 2290 561 2324 Niebuhr.
593 2292 683 2323 Vort.
705 2296 738 2323 u.
760 2293 800 2323 R.
823 2292 863 2323 G.
885 2293 912 2324 1.
929 2301 958 2330 ρ.
985 2290 1055 2323 181.
1084 2290 1268 2334 Schweqler.
1301 2294 1342 2325 R.
1363 2292 1401 2324 G.
1421 2296 1463 2326 11.
1479 2304 1510 2335 p.

167 2345 239 2379 210.
262 2344 395 2387 Lange„
416 2347 457 2377 R.
479 2344 545 2377 Ali.
567 2345 592 2376 1.
613 2352 643 2381 p.
666 2342 738 2375 361.
759 2345 811 2376 cn·
823 2342 890 2375 Liv.
913 2344 943 2380 6.
970 2342 1021 2375 2⁷.

248 2397 282 2437 4)
305 2395 371 2428 Ην.
392 2398 422 2433 2,
444 2397 485 2429 24
507 2401 537 2427 et
556 2396 681 2434 passim.
1278 2435 1280 2437 v

251 2449 280 2486 5)
304 2447 415 2481 Cenem·
435 2446 583 2481 censendo
605 2448 676 2488 ayn*
691 2449 822 2488 proprie
842 2444 1049 2488 appellantur,
1070 2447 1125 2486 qui
1143 2446 1174 2476 et
1192 2447 1251 2475 emt·
1271 2448 1301 2477 et
1319 2449 1419 2478 venire
1433 2450 1510 2489 jure

166 2500 245 2531 ceolla·
257 2504 401 2543 pon-runt.
425 2499 505 2532 Fert.
528 2498 638 2538 (Paul.
662 2498 772 2539 Diae.)
795 2509 824 2538 p.
848 2498 898 2536 58,
926 2500 965 2529 ad
987 2505 1081 2536 quem
1103 2499 1206 2529 locum
1229 2496 1408 2531 Muellerus:
1430 2501 1512 2532 Cen-

165 2553 214 2583 sui
235 2555 389 2585 cenando
411 2561 475 2584 non
497 2556 604 2588 erant.
625 2551 683 2583 nisi
706 2558 787 2589 quae
809 2551 878 2588 quis
899 2558 935 2581 ex
964 2550 1034 2587 jure
1055 2549 1225 2587 Quiritium
1250 2558 1306 2582 sua
1331 2552 1433 2584 dicere
1453 2561 1513 2591 po-

165 2607 256 2635 terat.
