1696 3019
1363 268 1486 305 ⁴10·

163 386 331 447 plebem
364 387 470 431 aere
501 385 645 430 alieno
674 387 913 430 demersam
961 401 1078 441 esse;
1122 402 1202 429 nec
1243 386 1339 429 sisti
1361 401 1511 443 posse,

157 443 215 492 'nt‘
230 450 439 493 'omnibus
471 449 735 492 consulatur.
802 446 927 499 Quod
958 464 1046 507 quo
1077 448 1248 495 facilius
1292 447 1511 504 inteiliga-

164 518 250 561 tur,
298 509 487 569 breviter
527 527 808 571 quaeramus,
854 509 1013 570 quibus
1055 510 1109 554 de
1152 511 1294 554 causis
1347 510 1510 553 factum

164 579 241 623 sit,
274 581 321 616 nt
353 572 522 631 l'lebeji
557 574 599 615 in
633 581 775 615 tantas
810 574 1004 615 miserias
1035 572 1225 615 incidere
1255 580 1445 629 possent.

289 635 478 676 Primam
511 633 642 693 hujus
676 636 735 677 rei
770 642 812 676 et
846 634 1037 676 ultimam
1072 636 1198 693 quasi
1231 634 1442 689 originem
1465 634 1508 675 in

162 691 366 749 universo
397 711 543 739 eorum
581 696 701 739 civili
731 702 869 746 statu,
912 694 1001 752 jam
1035 711 1166 753 supra
1209 694 1397 754 probare
1430 710 1508 737 co-

161 759 251 801 nati
305 773 466 801 snmus.
532 758 640 800 Nam
691 774 823 817 quum
867 765 952 799 tota
1004 758 1093 800 fere
1129 755 1394 814 reipublicae
1426 756 1509 799 ad-

160 816 420 862 ministratio
459 835 589 877 penes
624 820 836 861 Patricius
868 826 983 861 esset
1010 818 1069 873 ¹),
1125 835 1211 860 non
1262 834 1366 860 sane
1414 826 1508 861 erat

162 881 425 930 mirandum,
459 883 493 923 si
526 880 695 939 t‘tebeji
731 897 860 939 saepe
893 897 945 922 ex
964 896 1110 922 eorum
1131 879 1312 923 arbitrio
1331 881 1508 923 omnino

161 951 428 999 regerentur.
495 944 631 986 Erant
662 951 803 986 autem
838 943 1039 991 patricii,
1078 941 1120 984 id
1154 942 1271 1001 quod
1304 959 1356 985 ex
1391 941 1506 984 mul·

159 1005 218 1047 tis
258 1006 365 1048 locis
397 1005 510 1063 apud
548 1013 712 1048 veteres
746 1020 887 1047 rerum
921 1005 1157 1062 scriptores
1174 1012 1376 1062 apparet,
1410 1020 1506 1047 om-

129 1104 134 1110 .
160 1068 265 1110 nino
295 1068 557 1116 avarissimi,
591 1074 633 1110 et
668 1066 851 1109 natm-aii
886 1066 1073 1125 quadam
1108 1082 1175 1108 res
1194 1082 1297 1109 suas
1320 1065 1506 1121 augendi

159 1129 398 1189 cupiditate
430 1130 594 1176 omnia,
627 1144 914 1188 quaecunque
948 1135 1168 1185 poterant,
1197 1129 1239 1170 in
1274 1144 1399 1170 suum
1434 1129 1507 1188 ip-

156 1205 303 1233 sorum
329 1190 603 1247 vcommodum
646 1199 813 1233 vertere
865 1190 1147 1232 conabantur.
1214 1191 1349 1233 Posse
1381 1191 1504 1248 ejus-

158 1252 272 1301 modi
307 1260 488 1296 conatus
523 1268 731 1312 prospere
760 1251 1014 1303 succedere,
1064 1251 1192 1294 facile
1238 1260 1303 1295 est
1344 1252 1397 1294 ad
1433 1254 1502 1294 in-

157 1313 458 1371 telligendum,
491 1331 541 1358 eo
577 1315 827 1373 praesertim
861 1321 1075 1373 tempore,
1121 1330 1253 1373 quum
1298 1314 1504 1372 PlebeJo-

157 1374 252 1418 rum
275 1380 380 1419 sinc
414 1376 547 1419 dubio
582 1378 759 1419 maxima
793 1392 894 1435 pars
930 1392 1013 1419 non
1046 1368 1174 1419 ffiodo
1199 1375 1357 1419 nuliam
1392 1377 1502 1419 resi-

154 1438 296 1481 stendi
332 1437 512 1482 baberet
543 1446 801 1498 potestatem
831 1438 929 1489 sed,
974 1438 1087 1497 juris
1119 1440 1382 1496 ignorantia.
1431 1439 1504 1482 vix

154 1502 307 1547 sciret,
342 1517 430 1561 quo
462 1502 589 1544 modo
622 1501 836 1561 quibusve
870 1501 1110 1544 rationibus
1142 1518 1189 1545 se
1218 1518 1408 1562 suasque
1432 1518 1501 1545 res

154 1562 388 1606 defendere
419 1571 566 1621 posset
588 1562 641 1617 ²).
706 1563 832 1616 Quod
869 1571 1011 1606 tamen
1046 1580 1131 1606 non
1168 1565 1224 1606 ita
1241 1565 1400 1607 dictum
1421 1580 1501 1607 vo-

153 1623 319 1671 tumus.
354 1634 400 1668 ut
432 1626 694 1669 contendere
728 1626 962 1674 videamur,
996 1626 1235 1675 Patricius,
1269 1642 1317 1669 ea
1351 1627 1500 1669 avari-

153 1687 211 1729 tia
249 1685 424 1739 ductos,
460 1703 574 1730 more
608 1687 823 1729 latronum
858 1689 900 1729 in
934 1687 1045 1730 bona
1078 1687 1351 1746 Piebejorum
1381 1704 1501 1731 rem-

150 1745 239 1809 que
270 1748 526 1792 familiarem
551 1750 773 1792 invasisse.

265 1810 352 1853 Sed
404 1812 553 1870 quaeri
605 1817 722 1853 certe
775 1818 864 1852 tum
914 1810 1015 1867 jure
1046 1817 1211 1869 potest,
1247 1826 1335 1868 quo
1370 1810 1499 1854 modo

151 1870 320 1930 Plebeji
354 1872 396 1914 in
432 1880 574 1915 tantas
609 1872 800 1915 miserias
836 1879 1087 1931 tantamque
1114 1879 1410 1931 paupertatem
1430 1871 1499 1916 vel

149 1934 294 1993 potius
322 1941 557 1991 egestatem
592 1934 782 1978 incidere
827 1935 1066 1992 potuerint,
1104 1936 1140 1977 si
1187 1942 1357 1977 constat
1390 1951 1497 1994 pro-

151 1995 287 2044 fecto,
322 1996 560 2040 fuisse‘eos
593 1999 819 2040 maximam
855 2003 1021 2055 partem
1056 1996 1288 2039 fundorum
1324 2013 1497 2056 posses-

234 2108 264 2146 1)
286 2107 465 2151 Schweyler.
487 2112 524 2142 R.
548 2111 585 2141 G.
609 2112 650 2142 11.
673 2120 701 2149 p.
727 2110 796 2142 206:
813 2127 849 2133 -
873 2119 923 2140 am
946 2111 1111 2149 Regiment
1139 2111 1225 2141 hatte
1245 2111 1288 2140 sie
1313 2110 1375 2147 (die
1394 2110 1498 2148 Plebs)

146 2160 257 2191 keinen
270 2160 374 2197 'rhein
396 2165 440 2194 sie
456 2164 541 2194 hatte
564 2171 622 2192 nur
643 2172 680 2192 zu
704 2162 1016 2200 generenam—Non
1039 2164 1171 2192 multum
1186 2171 1259 2192 sane
1271 2162 1407 2198 antiquis
1419 2166 1499 2191 tem-

146 2211 273 2250 poribus
295 2215 439 2247 valebunt
460 2215 657 2252 Piehejorum
687 2215 719 2245 in
746 2214 879 2244 comitiis
900 2213 1064 2251 sum-agia,
1099 2213 1173 2251 quia
1205 2214 1270 2244 sine
1291 2217 1418 2243 senatu·
1442 2221 1498 2250 pa-

146 2266 292 2302 trumque
308 2267 493 2297 auctoritate
507 2275 570 2296 non
583 2272 649 2297 rata
664 2268 867 2297 habebantur.
881 2266 973 2302 (vide
988 2273 1068 2302 quae
1084 2266 1122 2295 de
1134 2266 1173 2295 ha
1186 2273 1219 2295 re
1231 2266 1311 2295 idem
1325 2263 1498 2306 Schweyler

145 2314 354 2356 copiosissime
368 2315 512 2354 ‘disputat
535 2317 575 2346 Π.
599 2326 628 2354 p.
656 2317 723 2353 102,
751 2316 807 2346 147
829 2325 914 2354 seqq.
937 2317 1030 2346 etiam
1054 2324 1085 2353 p.
1111 2314 1356 2353 640).Patricios
1379 2318 1410 2346 in
1421 2326 1496 2347 cen-

144 2364 266 2395 turiatis
288 2368 420 2397 comitiis
443 2376 679 2405 nonnumquam
702 2368 796 2397 etiam
819 2375 873 2404 per
895 2367 1061 2397 clientium
1083 2368 1229 2405 suffragia
1255 2369 1387 2398 multum
1406 2369 1496 2398 vatu—

143 2415 219 2452 isse‚
242 2424 279 2446 cx
301 2417 380 2448 Livii
402 2420 602 2457 quisbusdam
626 2420 699 2449 locis
719 2419 767 2454 (2,
790 2417 839 2447 56.
863 2413 892 2453 2:
917 2417 980 2455 64.)
1002 2419 1104 2448 videre
1118 2427 1291 2456 possumus.
1312 2418 1363 2450 cfr
1376 2417 1493 2461 Lanqe.

143 2466 327 2500 R.Aiterth.
347 2469 372 2499 Ι.
395 2479 425 2509 ρ.
451 2470 518 2503 191.
538 2471 637 2502 Aliter
659 2471 696 2501 de
718 2470 776 2501 hac
797 2478 830 2502 re
848 2470 968 2515 judicat
989 2468 1091 2502 Peter.
1144 2472 1302 2510 (Epocbeu
1326 2472 1380 2503 der
1402 2472 1494 2503 Rom.

121 2520 329 2558 -Repubnm,
352 2530 445 2559 quem
469 2523 538 2553 vide
560 2531 589 2560 p.
611 2522 660 2552 25.

228 2572 262 2610 2)
284 2570 350 2603 Liv.
372 2573 409 2609 4,·
427 2572 455 2604 3:
478 2573 549 2605 Non
572 2575 611 2604 ad
633 2574 744 2611 fastos,
766 2583 829 2605 non
853 2575 892 2605 ad
913 2574 1152 2605 commentarios
1175 2576 1358 2612 pontificum
1381 2577 1496 2608 admit-

145 2623 240 2655 timur
262 2625 401 2663 (nomine
422 2624 619 2663 Plebejorum
643 2626 781 2665 loquitur
800 2625 987 2665 canuiejus).
1010 2624 1063 2655 Cir
1084 2623 1115 2662 9,
1138 2624 1187 2656 46.
