1696 3019
1414 227 1441 264 7

157 362 266 391 cum
284 346 486 390 patriciis
520 346 762 407 communia
796 343 1055 387 habueruut.
1112 343 1251 387 Erant
1266 347 1379 390 euim
1396 345 1507 390 haec

155 406 302 454 saera
313 409 457 453 omnia
493 405 627 468 penes
661 407 878 451 Patricius
905 406 964 466 ¹),
998 421 1184 468 quorum
1221 407 1261 449 in
1295 407 1506 469 PlebeJos

155 471 352 532 potentia
397 477 440 514 et
487 470 722 513 auctoritas
773 470 998 522 maximam
1032 468 1084 512 ad
1131 476 1296 528 partem
1331 472 1375 514 in
1405 470 1508 531 jure

157 549 381 579 sacrorum
413 533 581 592 positae
608 539 753 582 erant,
782 548 834 576 ac
866 534 1012 576 nescio
1048 548 1102 575 au
1130 531 1246 574 nulla
1281 535 1418 591 magis
1437 549 1507 577 res

148 594 372 653 Plebejis,
426 610 514 654 quo
564 595 704 637 minus
753 594 806 637 ad
849 594 1171 638 tolerabiliores
1203 596 1246 636 in
1280 595 1506 655 republica

157 656 428 701 conditiones
460 655 767 716 melioremque
800 655 1017 699 fortunam
1043 657 1338 715 pervenirent,
1370 657 1508 701 obsti-

155 720 271 763 terit.
337 717 460 761 Talis
492 719 605 761 enim
636 718 726 778 jam
762 717 817 761 ab
849 720 971 762 initio
989 726 1082 762 erat
1101 718 1389 764 conformatio
1426 721 1508 764 rei-

157 780 361 842 publicae
391 780 633 832 Romanae,
669 789 716 825 ut
751 797 885 842 prope
918 798 942 825 a
973 780 1055 825 diis
1099 782 1204 839 ipsis
1243 783 1370 842 quasi
1398 799 1505 842 pro-

143 845 270 889 ‘fe'cta
304 850 530 908 putaretur
553 844 607 901 ²),
643 861 784 905 neque
825 844 954 887 alium
989 844 1220 917 populum,
1254 846 1329 904 qui
1368 846 1507 902 magis

157 907 299 952 omnia
331 906 386 949 ad
426 906 542 949 Deos
576 906 740 950 referre
773 907 1073 956 consueverit,
1113 896 1243 949 facile
1272 908 1507 950 inveneris.

155 967 414 1016 Putabatur‚
445 975 493 1010 ut
521 968 610 1027 jam
649 968 857 1017 diximus,
892 975 981 1011 tota
1015 967 1259 1026 respublica
1309 968 1505 1011 Romana

157 1030 362 1073 divinitus
395 1044 488 1072 esse
517 1031 763 1079 constituta,
797 1045 884 1089 quo
917 1028 1073 1085 fiebat,
1095 1037 1144 1072 ut
1177 1043 1327 1072 omnes
1359 1037 1506 1074 vetera

157 1092 352 1135 instituta
388 1092 641 1142 immutandi
676 1100 853 1134 conatus
888 1090 943 1133 ab
974 1092 1049 1140 iis,
1083 1093 1157 1150 qui
1192 1092 1234 1132 in
1279 1091 1503 1149 republica

158 1153 390 1213 plurimum
421 1152 650 1202 valebant,
685 1170 770 1197 non
804 1152 930 1196 modo
960 1169 1088 1209 aegre
1117 1161 1159 1195 et
1193 1152 1372 1195 moleste
1408 1153 1500 1198 fer-

158 1222 322 1266 rentur,
356 1214 432 1258 sed
465 1216 591 1258 eliam
626 1217 744 1273 impii
761 1222 803 1258 et
821 1215 990 1258 scelesti
1010 1230 1139 1273 saepe
1158 1213 1425 1258 haberentur
1448 1215 1503 1271 ³).

158 1276 402 1320 Videbatur
439 1278 550 1319 enim
584 1279 723 1320 omnis
758 1277 848 1320 lere
882 1276 1092 1335 ejusmodi
1131 1283 1312 1320 conatus
1347 1293 1399 1320 ex
1434 1294 1508 1322 ne·

158 1340 267 1381 faria
299 1338 485 1399 quadam
520 1339 725 1397 operibus
745 1339 1247 1381 deorumimmortalium
1267 1354 1507 1399 eorumque

157 1401 517 1443 administrationi
553 1417 600 1443 se
633 1400 932 1459 interponendi
981 1400 1219 1459 cupiditate
1266 1415 1363 1444 esse
1398 1417 1504 1460 pro-

157 1463 323 1514 fectus,
373 1478 513 1522 neque
561 1463 603 1505 id
647 1468 800 1505 mirum
835 1471 900 1505 est
943 1463 985 1504 in
1019 1462 1205 1520 populo,
1238 1463 1313 1521 qui
1341 1465 1507 1514 omnia,

158 1540 446 1585 quaecunque
479 1524 733 1581 agebantur,
769 1525 861 1566 sive
893 1523 947 1567 ad
981 1524 1200 1584 publicam
1248 1525 1379 1567 vitam
1416 1527 1509 1569 sive

159 1587 213 1630 ad
248 1588 459 1645 privatam
496 1585 792 1645 pertinebant,
826 1585 880 1628 ad
921 1594 1081 1629 certam
1114 1586 1330 1646 quandam
1362 1603 1505 1630 rerum

157 1702 282 1739 publico
304 1705 431 1737 sumptu
453 1709 508 1738 pro
532 1701 647 1738 populo
670 1702 768 1736 fiunt,
813 1708 955 1738 quaeque
990 1704 1046 1734 pro
1072 1699 1247 1734 montibus,
1282 1701 1387 1738 ραείε,
1410 1703 1510 1739 curis,

160 1753 291 1782 sacellis.
1176 1770 1178 1772 v

246 1801 275 1841 1)
298 1793 365 1833 Liv‘.
392 1801 439 1838 10,
463 1801 491 1833 7:
514 1802 651 1833 Deorum
674 1802 771 1840 magis
793 1810 888 1840 quam
913 1806 1017 1832 nostra
1041 1810 1133 1832 causa
1156 1807 1335 1840 expetamus
1352 1804 1511 1843 (Plebejo-

158 1863 227 1885 rum
260 1856 387 1884 nomine
422 1855 561 1891 loquitur
593 1853 629 1882 P.
663 1854 799 1889 Decius),
834 1858 886 1884 ut.
922 1861 1001 1889 quos
1033 1854 1177 1890 privatim
1214 1854 1362 1890 colimus,
1390 1857 1513 1893 publice

160 1905 308 1936 colamus.

243 1957 274 1994 2)
300 1957 351 1987 Cl'r
381 1954 441 1987 Cic.
462 1956 554 1986 Tusc.
589 1956 620 1992 4,
657 1954 684 1992 1,
722 1954 749 1991 1,
783 1956 821 1987 de
844 1957 916 1988 Nat.
939 1957 977 1987 D.
1009 1955 1039 1992 3,
1061 1956 1092 1992 2,
1117 1956 1145 1991 5,
1169 1956 1207 1986 de
1231 1956 1309 1994 nep.
1330 1957 1362 1994 2,
1389 1957 1437 1995 10,
1463 1958 1513 1992 17.

160 2008 293 2049 Dionys.
316 2010 346 2044 2,
368 2009 398 2044 4,
422 2007 452 2038 6.

244 2060 303 2090 Per
325 2058 471 2097 Auspicia
495 2059 661 2096 imprimis,
693 2066 774 2096 quae
804 2066 896 2096 penes
929 2058 1079 2088 Patricius
1113 2062 1201 2087 erant
1234 2056 1314 2096 (Liv.
1347 2059 1376 2095 6,
1406 2060 1457 2097 41,
1481 2067 1512 2093 et

157 2112 280 2151 passim)
311 2112 440 2141 deorum
473 2110 616 2138 voluntas
654 2110 908 2146 cognoscebatur,
948 2117 1049 2146 neque
1081 2110 1144 2138 ulla
1177 2118 1241 2144 res,
1276 2118 1356 2147 quae
1384 2113 1509 2148 quidem

157 2163 282 2199 majoris
304 2165 381 2191 esset
403 2160 568 2195 momenti,
591 2159 648 2188 nisi
671 2160 830 2196 auspicato
854 2159 916 2197 geri
934 2164 1065 2196 poterat.
1082 2175 1122 2182 —
1137 2160 1250 2190 Urbem
1264 2162 1423 2199 auspicato
1436 2171 1514 2193 con-

158 2215 255 2246 ditam
288 2221 368 2248 esse,
404 2217 532 2242 narrant
554 2211 830 2241 innumerabilibus
854 2211 916 2242 lere
939 2212 1013 2242 locis
1035 2216 1151 2242 veteres
1172 2219 1275 2242 rerum
1298 2213 1512 2245 Romanarum

157 2267 320 2303 scriptores
352 2262 430 2302 (oie.
463 2265 501 2294 de
536 2265 614 2301 Rep.
651 2263 680 2298 2,
718 2261 746 2298 9,
774 2262 821 2298 16,
846 2264 884 2295 de
906 2263 980 2301 Leg.
1004 2262 1034 2298 2,
1062 2261 1108 2298 13,
1139 2261 1188 2299 33,
1210 2267 1268 2294 cel.
1297 2266 1362 2295 Liv.
1392 2266 1420 2302 5,
1451 2266 1513 2304 52).

157 2316 328 2347 Romulum
349 2316 467 2353 ipsum,
491 2316 582 2345 certis
608 2316 701 2352 signis
724 2322 740 2344 a
765 2315 822 2345 diis
843 2323 897 2352 per
919 2316 1054 2353 auspicia
1077 2316 1224 2353 acceptis,
1247 2324 1350 2353 regem
1373 2317 1513 2348 declara-

157 2372 225 2397 tum
248 2367 359 2402 fuisse,
389 2371 494 2396 narrat
516 2365 648 2406 Dionys.
681 2366 723 2402 (2,
750 2365 792 2403 6),
827 2368 910 2403 quod
933 2367 1013 2396 idem
1037 2367 1074 2396 de
1097 2368 1240 2397 omnibus
1262 2367 1389 2398 Romuli
1411 2368 1443 2398 in
1466 2369 1511 2399 ci-

94 2441 97 2444 ·
157 2419 252 2449 vitate
272 2418 420 2448 institutis
442 2417 501 2447 dici
524 2421 633 2454 potest.

241 2469 276 2509 3)
294 2469 346 2499 Csr
369 2467 501 2499 Rubino.
523 2469 614 2501 Ram.
637 2470 728 2500 Vei-st
752 2470 815 2500 und
838 2468 949 2500 Gescb.
975 2470 1000 2499 Ι.
1023 2477 1052 2507 p.
1079 2467 1149 2498 189.

284 2521 452 2559 Quomodo
474 2521 681 2559 Tarquinius,
705 2530 770 2553 nou
791 2522 907 2552 violato
927 2521 1012 2558 jure,
1035 2520 1104 2558 ejici
1117 2524 1238 2559 posset,
1261 2520 1397 2551 ostendit
1408 2520 1515 2552 Livius

161 2571 191 2610 1,
211 2571 263 2604 39.
306 2573 359 2604 Csr
381 2569 516 2604 Rubino.
540 2572 566 2602 I.
589 2579 620 2609 p.
636 2570 687 2603 97.
