1696 3019
886 178 917 205 ι

224 227 282 265 12

155 349 269 389 mine
302 344 432 402 digna
465 351 531 388 est
561 369 622 380 —
656 347 865 404 oriqinem
899 345 1002 388 inde
1034 345 1171 405 magis
1195 345 1300 404 quia
1314 360 1508 397 annuum

154 408 383 465 imperinm
419 407 650 450 consulare
679 407 845 466 factum
869 413 988 459 erat,
1019 421 1148 466 quam
1173 405 1291 466 quod
1304 407 1508 452 demin&-

156 477 244 513 tum
277 471 506 529 quicquam
540 475 651 513 esset
693 486 747 513 ex
779 472 901 531 reqia
930 475 1157 527 potestate,
1191 471 1506 517 numerandam

154 547 257 576 csse.
324 532 480 575 Omnia
516 548 665 588 regum
687 538 813 585 J‘ura‚
842 533 984 576 omnia
1001 532 1185 588 insignia
1215 532 1377 590 primos
1396 532 1507 585 con-'-

154 594 270 637 sules
306 595 519 640 tenuisse,
557 595 787 636 memoriae
814 594 960 636 tradit.
994 592 1108 646 Quid
1143 590 1310 635 muita?
1344 594 1506 653 Siquis

155 662 359 715 quaerat,
396 656 500 714 quid
536 656 813 699 emolumenti
848 657 926 697 ista
950 671 1092 698 rerum
1114 656 1294 698 mutatio
1313 654 1505 714 Plebejis

154 717 373 764 attulerit,
412 717 598 760 breviter
618 717 882 777 respondere
899 732 1149 776 possumus:
1184 715 1314 766 duos,
1344 727 1506 777 eosque

153 797 178 824 e
212 780 394 838 patricia
428 789 579 837 gente,
612 798 687 840 pro
722 796 808 822 uno
843 795 967 835 reges
1001 787 1042 823 et
1074 785 1138 821 tot
1168 778 1364 822 dominos
1397 781 1506 839 quot

154 849 394 885 senatores.

280 904 358 946 His
393 905 544 962 paucis
578 903 633 946 de
663 904 867 946 universo
904 903 1184 963 Plebejorum
1219 904 1264 946 ἰη
1281 902 1504 962 republica

152 973 269 1009 statu
304 966 469 1013 allatis,
505 965 752 1013 videamus,
806 965 946 1024 qualis
996 967 1127 1010 fuerit
1160 982 1307 1010 eorum
1340 967 1385 1008 in
1418 966 1503 1009 do·-

151 1029 337 1072 mesticis
371 1028 500 1070 rebus
536 1034 576 1071 et
605 1029 795 1086 privatis
825 1029 1013 1071 ibrtuna.

281 1090 487 1132 Proximo
522 1098 619 1148 post
655 1106 779 1145 reges
803 1098 980 1133 exactos
1016 1098 1230 1149 tempore,
1265 1089 1366 1132 dum
1394 1089 1505 1132 Tar-

151 1152 327 1210 quinius
357 1153 398 1193 in
435 1152 520 1193 vita
558 1150 780 1197 manebat,
818 1159 987 1209 patres,
1022 1157 1277 1199 metuentes,
1309 1167 1363 1193 ne
1382 1150 1502 1200 redi-2·

152 1220 219 1256 ret
255 1229 523 1272 regnumque
554 1220 853 1272 recuperaret,
884 1215 999 1256 omni
1035 1215 1201 1256 ratione
1232 1212 1372 1273 piebis
1402 1213 1502 1255 ani-

152 1291 246 1318 mos
280 1275 364 1318 sibi
400 1275 632 1318 conciliare
659 1274 944 1322 conabantur,
965 1275 1021 1318 ob
1040 1291 1221 1335 eamque
1238 1291 1326 1318 rem
1346 1273 1509 1327 muita,-

149 1345 200 1381 ut
232 1337 339 1380 dicit
371 1337 523 1379 Livius
554 1337 604 1387 ¹),
632 1337 921 1379 biandimenta
957 1337 1074 1396 plebi
1101 1354 1176 1394 per
1207 1336 1248 1378 id
1276 1343 1447 1394 tempus
1478 1352 1502 1379 a

151 1406 302 1442 senatu
336 1399 434 1442 data
464 1407 578 1442 sunt.
643 1400 876 1458 Postquam
913 1415 1015 1442 vero
1045 1399 1225 1443 Romam
1261 1399 1502 1441 nuntiatum
1534 1417 1538 1421 ⁴

151 1469 238 1513 est,
272 1462 561 1521 Tarquinium
602 1468 818 1508 mortuum
868 1477 985 1510 esse,
1037 1469 1127 1505 tum
1179 1468 1347 1521 patres,
1386 1461 1502 1505 omni

150 1532 266 1566 metu
297 1523 492 1572 uben-ati,
544 1524 799 1566 insolentius
849 1540 896 1566 se
929 1541 1080 1580 gerere
1113 1523 1341 1583 plebique,
1390 1539 1503 1581 quae

149 1595 255 1629 tunc
285 1587 455 1629 demum
491 1585 805 1644 comperiebat,
838 1586 1008 1645 qualem
1047 1596 1172 1630 nacta
1208 1593 1322 1629 esset
1365 1584 1502 1630 liber-

149 1656 304 1696 tatem,
340 1648 523 1705 injurias
554 1649 700 1690 facere
734 1657 971 1705 coeperunt
998 1647 1050 1702 ²).
1083 1649 1298 1691 Crescunt
1331 1648 1374 1689 in
1409 1647 1501 1691 dies

151 1711 358 1769 iniquitas
389 1717 430 1752 et
466 1710 667 1753 violentia
704 1718 896 1767 patrum,
932 1718 1135 1753 crescunt
1176 1710 1373 1753 miseriae
1403 1708 1499 1767 ple-

151 1771 242 1819 bis,
280 1779 346 1819 et,
382 1773 415 1813 si
451 1773 574 1814 Livio
615 1772 875 1814 credendum
908 1781 993 1820 est,
1045 1771 1292 1831 quindecim
1329 1771 1502 1814 circiter

149 1849 361 1876 annorum
396 1835 538 1891 spatio
572 1840 671 1892 post
702 1849 817 1881 eam,
852 1849 980 1892 quam
1000 1833 1208 1884 diximus,
1242 1848 1383 1875 rerum
1403 1848 1500 1875 mu-

150 1897 356 1938 tationem
389 1911 527 1954 usque
559 1911 631 1947 eo,
668 1895 785 1938 velut
819 1896 973 1953 pestis,
1025 1903 1284 1954 proruperat
1318 1893 1501 1943 malum,

147 1964 196 2001 ut
230 1957 357 2000 nullis
387 1956 478 2015 jam
529 1956 729 2000 remediis
763 1958 936 2014 reprimi
972 1973 1099 2015 posse
1133 1957 1364 2010 videretur.
1428 1954 1500 1999 Ab

148 2018 350 2062 hostibus
383 2019 512 2068 foris,
547 2018 662 2062 domi
697 2035 719 2061 a
754 2018 1042 2062 creditoribus
1067 2020 1230 2068 vexati,
1263 2034 1396 2078 quum
1429 2018 1500 2060 in-

150 2082 297 2124 venire
328 2097 412 2124 non
444 2089 643 2140 possent,
677 2097 765 2140 quo
799 2087 928 2139 pacto
964 2097 1016 2123 ex
1048 2080 1168 2123 malis
1209 2085 1499 2137 emergerent,

148 2142 342 2201 Plebeji‚
379 2142 432 2186 de
466 2142 597 2186 rebus
631 2144 720 2185 suis
752 2142 1055 2200 desperantes,
1106 2142 1256 2186 urbem
1299 2141 1501 2185 deserere

149 2203 413 2248 statuebant.

278 2269 401 2320 Quae
435 2267 565 2310 fuerit
600 2283 747 2310 eorum
778 2274 878 2311 ante
914 2268 1093 2325 primam
1129 2268 1171 2309 in
1206 2274 1393 2311 montem
1413 2265 1497 2308 Sa-

148 2345 269 2373 crum
304 2331 593 2373 secessionem
626 2332 670 2372 in
704 2328 835 2372 rebus
883 2329 1132 2373 domesticis
1166 2328 1378 2378 conditio,
1423 2327 1498 2370 in-

147 2392 264 2435 dicat
298 2390 413 2450 apud
449 2392 619 2435 Livium
644 2390 685 2447 ³)
720 2391 808 2433 Tit.
841 2391 1018 2435 Lartius
1054 2390 1122 2435 his
1155 2389 1320 2435 verbis:
1367 2390 1499 2433 totam

148 2465 395 2514 -ἾΤΞΤ
456 2475 488 2514 2)
510 2461 589 2506 vide
607 2473 674 2507 Liv.
698 2475 720 2508 1.
742 2475 761 2505 1.
786 2472 911 2507 Saum.
935 2483 983 2514 ap.
1006 2472 1221 2517 linquendo
1241 2474 1305 2506 εῖν.
1327 2473 1386 2505 nei
1407 2472 1500 2507 libr?

145 2534 213 2566 cap.
240 2527 277 2558 18
298 2528 522 2572 (quodltotum
546 2529 700 2566 perlegas,
725 2528 846 2566 velimlz
885 2529 965 2558 Dein
1001 2528 1134 2566 (regibus
1164 2524 1292 2565 exactis)
1314 2524 1415 2556 servili
1437 2524 1500 2555 im-

145 2579 231 2617 perio
253 2584 355 2617 patres
374 2580 495 2616 plebem
518 2587 673 2616 exercere,
702 2580 741 2610 de
776 2580 840 2610 vita
871 2583 966 2617 atque
988 2583 1076 2617 tergo
1098 2579 1183 2617 regio
1205 2585 1292 2609 more
1318 2575 1498 2611 consulere.

144 2638 220 2669 agro
243 2631 372 2670 pellere,
395 2635 426 2662 et
447 2631 575 2662 caeteris
597 2631 772 2670 expertibus
792 2631 850 2662 soli
871 2631 903 2662 in
926 2631 1057 2669 imperio
1081 2637 1182 2668 agere.
1294 2625 1328 2668 3)
1351 2625 1380 2678 2,
1401 2623 1456 2657 29.
