1696 3019
152 944 154 946 ’
207 933 375 986 statu
399 933 798 986 plebeiorum
814 864 1240 977 genuum-um
1259 936 1404 977 ante
1421 934 1554 988 pri-

232 1016 397 1051 mam
431 1005 499 1048 111
532 1007 799 1050 montem
827 1006 1083 1051 Sacrum
1109 1007 1528 1052 secesslonem·

207 1121 338 1208 'nter
370 1180 542 1213 omnes,
576 1165 648 1223 qui
684 1181 752 1207 res
795 1165 1014 1207 Romanas
1056 1163 1152 1223 ejus
1194 1166 1347 1207 aetatis
1384 1172 1560 1224 pertra-

209 1234 458 1274 ctaverunt,
480 1233 651 1269 constat
675 1226 894 1284 profecto,
928 1227 1107 1271 alteram
1128 1234 1317 1285 partem,
1352 1226 1557 1270 eandem-

208 1304 295 1347 que
326 1290 580 1341 maximam,
617 1289 804 1330 civitatis
842 1305 926 1331 non
959 1288 1093 1331 multo
1120 1295 1218 1346 post
1237 1304 1360 1344 reges
1380 1297 1558 1331 exactos

208 1351 251 1392 in
274 1351 511 1393 miserrima
537 1357 667 1408 atque
684 1350 943 1393 intolerabili
963 1351 1209 1393 conditione
1229 1351 1378 1392 fuisse.
1415 1350 1560 1409 Hujus

208 1411 470 1456 conditionis
505 1411 664 1454 multae
709 1414 802 1455 sine
845 1411 980 1455 dubio
1027 1420 1128 1454 sunt
1163 1427 1341 1463 causae,
1375 1428 1557 1472 quarum

175 1503 184 1515 1
208 1475 483 1532 investigatio
519 1481 698 1532 propter
732 1482 989 1518 vetustatem
1009 1482 1051 1517 et
1069 1475 1296 1532 caliginem
1316 1482 1559 1533 temporum

131 1589 135 1591 λ
208 1536 479 1595 perdifficilis
511 1543 588 1579 est.
654 1536 746 1579 Nos
781 1539 892 1579 enim
923 1544 1146 1594 putamus,
1179 1537 1388 1592 originem
1420 1538 1558 1595 ipsam

181 1604 251 1641 “et
282 1599 407 1657 quasi
440 1598 600 1642 fontem
636 1596 731 1656 ejus
775 1598 895 1646 mali,
947 1614 1035 1657 quo
1087 1598 1159 1640 diu
1194 1597 1559 1658 vehementerque

207 1659 377 1718 Plebeji
411 1659 689 1708 laborabant,
725 1676 923 1716 magnam
959 1660 1011 1701 ad
1048 1662 1279 1718 partemin
1312 1663 1453 1718 primo
1487 1662 1557 1718 ip-

207 1737 353 1766 sorum
388 1728 485 1765 ortu
517 1729 648 1780 atque
676 1722 719 1763 in
754 1721 975 1779 republica
1007 1728 1121 1764 statu
1166 1737 1261 1764 esse
1296 1722 1558 1780 quaerenda.

206 1782 456 1842 Quod'quo
494 1783 666 1827 facilius
700 1791 935 1841 appareat,
987 1784 1217 1826 afferamus
1262 1800 1440 1827 necesse
1470 1791 1557 1832 est,

207 1846 313 1906 quid
347 1846 531 1889 maxime
564 1843 690 1888 nobis
724 1844 950 1903 probabile
982 1845 1178 1888 videatur
1213 1844 1266 1888 (le
1303 1845 1385 1889 hac
1418 1861 1554 1905 quae-

207 1909 383 1959 stione‚·
410 1907 536 1967 cujus
570 1907 798 1965 explicatio
831 1912 879 1950 ad
916 1924 984 1950 res
1018 1907 1276 1951 domesticas
1309 1916 1352 1950 et
1387 1908 1556 1951 intesti-

209 1986 289 2014 nas
324 1971 617 2014 Romanorum
651 1977 767 2013 recte
782 1969 1042 2029 judicandas
1067 1970 1191 2013 valde
1207 1977 1273 2024 est
1298 1971 1554 2016 necessaria.

332 2034 514 2076 Veteres
552 2049 694 2075 rerum
727 2032 1018 2075 Romanarum
1053 2033 1303 2091 scriptores,
1335 2034 1451 2075 omni
1484 2032 1553 2074 di-

206 2092 432 2150 ligentiore
459 2094 768 2138 deliberatione
792 2094 846 2137 de
874 2094 954 2137 bac
981 2111 1028 2137 re
1044 2095 1217 2143 omissa,
1241 2097 1283 2136 in
1305 2111 1356 2137 eo
1377 2110 1555 2138 consen-

205 2158 319 2200 tiunt
335 2172 513 2204 omnes,
553 2173 692 2216 usque
721 2156 776 2199 ab
799 2158 1113 2215 antiquissimis
1130 2156 1397 2216 temporibus
1418 2165 1456 2199 et
1478 2157 1557 2199 Pa-

207 2220 356 2262 tricios
368 2227 409 2262 et
422 2218 627 2277 Plebejos
644 2220 761 2262 cives
780 2220 900 2275 regni
920 2219 1104 2262 Romani
1125 2219 1273 2265 fuisse,
1292 2236 1431 2278 neque
1448 2220 1499 2261 iis
1512 2220 1554 2260 in

207 2289 392 2324 mentem
426 2282 542 2323 venit
574 2297 809 2340 quaerere,
842 2297 941 2323 num
976 2282 1150 2339 utrique
1183 2281 1361 2323 eandem
1393 2281 1446 2323 ab
1469 2282 1553 2322 ini·

207 2343 269 2386 tio
299 2342 538 2389 *habuerint
568 2343 788 2400 originem.
856 2343 915 2385 lis
963 2349 1103 2385 autem
1143 2359 1226 2386 non
1268 2351 1427 2386 temere
1459 2358 1555 2386 esse

66 2397 81 2441 ‚',
149 2457 163 2461 -
208 2405 552 2457 assentiendum,
584 2405 887 2449 intellexerunt
926 2404 1010 2448 hoe
1059 2411 1253 2464 tempore
1287 2405 1406 2447 multi
1439 2406 1554 2447 anti-

207 2469 388 2528 quitatis
420 2467 738 2524 diligentissimi
782 2475 824 2510 et
874 2466 1145 2510 subtilissimi
1197 2468 1554 2524 investigatores,

207 2546 393 2590 quorum
427 2530 480 2573 de
512 2530 594 2573 hae
627 2546 673 2573 re
707 2531 916 2573 sententia
952 2530 1136 2572 maxime
1167 2538 1233 2573 est
1269 2529 1424 2587 digna,
1444 2545 1556 2588 quae

188 2593 332 2636 -etiam
368 2600 500 2652 atque
525 2590 651 2636 etiam
685 2591 989 2650 perpendatur.
