1696 3019
273 275 303 314 4

338 393 469 438 Putat
500 394 768 455 Niebuhrius
794 396 850 454 ¹),
896 410 1025 456 quem
1064 401 1310 455 sequuntur
1353 395 1566 460 Scbwcq·
1642 422 1645 429 ·

212 456 280 500 lev·
304 454 365 514 ²),
419 457 558 501 Peter
578 456 640 517 ³),
693 458 899 519 Lanqeus
925 457 962 515 ⁴)
1005 456 1166 517 aliique
1188 457 1249 516 ⁵),
1282 458 1483 516 optimis.
1515 458 1565 504 ut·

212 517 340 561 nobis
374 518 560 566 videtur,
593 519 859 571 rationibus,
891 519 1129 567 Patricius,
1157 535 1247 579 quo
1280 520 1564 581 nominetpo-

212 589 303 624 stea
334 581 541 641 appellati
573 589 697 634 sunt,
729 585 870 642 primo
904 583 1027 639 regni
1062 582 1244 626 Romani
1278 590 1377 625 ortu
1421 582 1565 635 cives,

213 645 390 748 prppria
425 640 528 687 huic
562 644 776 750 vocab·¹1¹1¹⁰
813 642 1399 750 slilgnilicationeltspbgecta‚
1446 644 1566 722 solos

213 721 724 825 ffl'jssssjoss‘ffimffiss
745 722 1202 828 ‘’amfflsstssss‘ffiss
1219 720 1568 826 ἶιξὲξῗξὲἕεὲᾚ
1586 777 1588 779 J

216 830 459 889 peregrinis
495 837 712 880 exortam,
748 831 881 874 variis
922 829 1061 873 modis
1093 829 1138 871 in
1176 835 1436 890 potestatem
1470 828 1567 874 Ro—

216 908 442 935 manorum
477 894 660 935 venisse.

344 952 489 997 Habet
522 954 723 1013 profecto
753 953 861 998 haec
894 952 1107 997 sententia
1151 968 1349 1010 magnam
1381 953 1470 997 veri
1501 953 1566 998 si-

216 1014 526 1066 militudinem,
559 1024 602 1060 et
632 1032 729 1059 cum
763 1016 844 1068 iis,
894 1031 1007 1075 quae
1051 1013 1106 1059 de
1136 1014 1415 1074 Plebejorum
1448 1022 1567 1061 statu
1629 1058 1674 1069 ,

215 1084 259 1122 ct
293 1077 540 1121 conditione
572 1078 729 1121 tradita
760 1085 886 1126 sunt,
920 1077 1082 1134 optime
1115 1077 1330 1134 congruit.
1371 1076 1418 1120 Si
1452 1078 1566 1122 enim

217 1138 386 1198 Plebeji
415 1156 466 1183 ex
497 1139 669 1188 eadem,
701 1155 787 1200 qua
820 1139 1021 1182 Patrieii.
1051 1139 1220 1195 origine
1236 1138 1424 1199 profecti
1457 1136 1569 1183 fuis*

216 1209 334 1251 sent,
359 1202 431 1244 vix
464 1202 705 1245 exstitisset
737 1209 856 1244 tanta
888 1202 1001 1243 iuter
1038 1216 1112 1244 eos
1145 1202 1185 1243 in
1218 1202 1416 1244 maximis
1434 1200 1568 1246 rebus

217 1263 546 1314 dissimilitudo,
583 1280 668 1308 non
703 1263 833 1308 facile
869 1262 1034 1307 tamdiu
1066 1263 1306 1321 viguissent
1335 1269 1455 1307 tanta
1474 1262 1567 1308 dis·-

217 1326 364 1370 cordia
411 1334 544 1386 atque
588 1333 882 1382 ingeneratum
930 1324 1150 1386 quoddam
1189 1326 1358 1375 odium,
1403 1325 1568 1387 quibus
1625 1382 1630 1386 q

216 1405 347 1448 saepe
378 1395 510 1433 totam
543 1388 854 1448 rempublicam
888 1404 1022 1448 prope
1068 1395 1263 1433 evertere
1297 1386 1569 1433 videbantur.
1629 1391 1631 1393 ’

218 1450 440 1495 Credibile
487 1452 620 1508 igitur
670 1458 758 1500 est,
795 1467 818 1494 a
859 1450 1071 1494 Romanis
1116 1450 1206 1509 jam
1255 1449 1570 1509 antiquissimis

217 1512 487 1572 temporibus
519 1514 797 1574 peregrinos,
847 1511 963 1556 bello
1006 1511 1223 1561 devictos,
1273 1513 1316 1555 in
1349 1512 1569 1571 civitatem
1618 1511 1621 1514 ’

219 1583 426 1635 acceptos
461 1575 625 1629 fuisse,
661 1583 703 1619 et
733 1573 834 1635 jure
867 1573 1011 1619 dicere
1045 1590 1291 1634 possumus,
1346 1590 1398 1618 ex
1431 1572 1616 1622 finitiaq

219 1639 300 1681 mis
333 1638 507 1697 populis
531 1638 800 1697 complures,
829 1654 968 1696 quum
1004 1638 1135 1679 armis
1167 1637 1459 1680 Romanorum
1493 1653 1570 1683 re·-
1618 1650 1620 1653 ’

217 1700 373 1744 sistere
397 1716 481 1743 non
517 1707 717 1759 possent,
752 1698 878 1743 bellis
915 1699 1137 1759 perpetuis
1170 1698 1299 1743 linem
1318 1698 1476 1743 afferre
1496 1714 1572 1744 cu·

218 1763 412 1822 pientes,
460 1777 538 1805 sua
589 1770 746 1821 sponte
777 1778 826 1805 se
858 1761 911 1805 ad
945 1778 1094 1806 eorum
1131 1762 1382 1805 societatem
1420 1777 1476 1822 ap
1509 1761 1571 1806 li-'

220 1839 344 1868 casse
396 1832 634 1884 posteaque
681 1825 724 1866 in
778 1824 958 1868 tutelam
1008 1839 1156 1867 eorum
1204 1824 1385 1867 venisse.
1500 1840 1568 1868 am

218 1887 392 1930 Ancum
429 1902 573 1943 regem
596 1885 671 1930 tali
692 1886 820 1929 modo
836 1887 1062 1945 imperium
1082 1885 1308 1934 dilatasse,
1344 1885 1513 1931 Livium
1529 1884 1571 1946 ο)

219 1955 261 1993 ct
295 1949 550 1992 Ciceronem
575 1949 612 2009 ⁷)
645 1955 847 1993 auctores
875 1947 1107 1997 habemus,
1141 1955 1184 1992 et
1215 1948 1569 1993 verisimillimum

219 2018 306 2061 est,
354 2010 474 2054 hunc
505 2027 666 2055 morem
702 2027 726 2053 a
761 2010 1004 2070 majoribus
1032 2010 1169 2053 fuisse
1200 2018 1427 2070 acceptum
1449 2010 1507 2067 ⁸).

305 2123 336 2162 l)
360 2126 513 2165 Vortrttge
535 2127 613 2158 uber
634 2126 799 2157 Rfimlsche
823 2126 1007 2156 Geschiehte
1027 2126 1053 2155 1.
1081 2133 1110 2162 p.
1137 2125 1196 2156 168
1216 2134 1302 2164 seqq.

303 2177 336 2214 2)
358 2178 525 2208 Romische
547 2178 731 2209 Geschichte
752 2177 777 2206 1.
800 2185 830 2213 ρ.
853 2175 919 2206 628
937 2184 1023 2214 seqq.

305 2227 335 2263 3)
359 2228 544 2260 Geschichte
565 2229 662 2261 Roms
685 2229 709 2258 1.
734 2237 764 2267 p.
787 2226 824 2258 7¹
848 2236 935 2266 seqq.

305 2280 337 2317 4)
360 2280 451 2311 Rom.
474 2279 689 2311 Alterthnmer
710 2281 735 2311 1.
759 2289 791 2318 p.
813 2277 870 2310 30¹
897 2288 985 2318 seqq.

305 2330 335 2367 5)
363 2331 448 2362 Inter
471 2339 551 2370 quos
573 2331 781 2362 nominandus
803 2336 849 2364 est
868 2329 1008 2369 naehta,
1032 2332 1145 2364 eunus
1167 2334 1222 2364 der
1243 2334 1466 2367 Institutionen
1487 2335 1512 2367 1.
1540 2343 1573 2375 p.

223 2381 280 2413 147
302 2391 390 2421 seqq.

345 2434 398 2465 err
417 2435 513 2466 etiam
537 2431 719 2465 Mommsen.
742 2434 834 2465 Rom.
859 2434 971 2466 Gaea.
993 2436 1020 2466 Ι.
1043 2445 1074 2475 p.
1097 2434 1137 2466 77
1157 2443 1246 2475 wqq.

302 2485 336 2522 6)
357 2486 381 2515 Ι.
406 2484 456 2516 33.
663 2485 695 2524 7)
715 2487 755 2517 de
777 2486 857 2524 Rep-
878 2486 908 2522 2,
935 2485 983 2523 ¹8,
1005 2485 1056 2518 33:
1078 2486 1141 2525 Qui
1162 2485 1286 2527 (Ancus
1306 2490 1458 2528 Marcius)
1472 2498 1572 2529 quun

220 2537 346 2567 Latinos
369 2538 451 2568 beno
473 2537 648 2574 devicisset,
671 2537 779 2569 ascivit
797 2545 849 2569 eos
871 2539 904 2569 tn
926 2538 1093 2570 civitatem.

299 2587 330 2625 8)
351 2587 405 2619 Csr
426 2588 503 2619 Livii
530 2589 569 2619 de
598 2590 682 2628 asylo
705 2589 759 2619 nlo
781 2589 908 2621 Romuli
932 2588 1141 2621 narrationem
1163 2589 1207 2627 (Ι,
1231 2590 1274 2629 8).
