1696 3019
1433 289 1461 325 5

303 408 351 452 si
382 423 452 454 res
485 407 543 451 ita
576 423 624 452 se
653 408 785 452 habet
813 406 869 467 ¹),
916 407 1045 451 facile
1090 408 1334 465 intelligere
1366 422 1525 467 possu-

176 485 295 521 mus,
325 469 487 532 quibus
517 468 572 513 de
603 470 747 515 causis
780 469 943 514 factum
975 471 1058 524 sit,
1092 477 1141 513 ut
1168 477 1287 514 tanta
1320 477 1435 514 esset
1464 471 1527 514 in·

118 611 120 614 -
176 536 264 642 {153⁸
279 533 441 639 5ξέἳὲ
442 531 809 655 ῗὲἐῑιοῗῖἴῗῗὲἓ
825 531 1381 653 ,22:2233‘'¹1‚¹2'1¹‚2¹‡232„2¹‘
1398 531 1526 648 322¹}

177 668 267 719 quo
300 657 474 701 facilius
505 664 736 716 appareat,
768 673 978 717 quaerere
1007 656 1133 706 libet,
1167 659 1243 718 qui
1279 657 1411 701 fuerit
1444 673 1526 701 an-

178 719 313 779 tiquis
344 718 614 779 temporibus
642 720 871 762 universus
900 718 1179 778 Plebejorum
1226 720 1269 761 iu
1301 718 1524 778 republica

178 788 343 832 status,
377 797 490 842 quae
522 780 696 841 quidem
728 782 928 841 quaestio
944 797 994 824 eo
1013 781 1149 837 magis
1172 788 1239 824 est
1258 782 1525 830 necessaria,

179 858 280 903 qula
318 858 416 886 cum
446 858 495 885 88
529 858 599 892 ¹⁹⁴¹,
633 858 763 902 quam
793 841 919 886 nobis
938 856 1265 901 PR'OPOSUUDUS,
1293 843 1527 901 con-iuuet·

178 911 244 949 est
271 910 315 949 et
345 904 586 948 arctissime
614 902 829 949 cohaeret.

304 966 442 1010 Erant
470 965 640 1024 Plebeji
665 966 791 1009 liberi
813 965 1018 1012 homines
1052 981 1194 1024 neque
1229 965 1342 1008 alius
1375 965 1531 1024 cujus-

118 1067 128 1069 *
180 1044 310 1090 quam
347 1028 527 1087 imperio
559 1026 751 1086 subjecti
780 1026 838 1071 ob
871 1042 1054 1087 eamque
1085 1042 1174 1069 rem
1208 1025 1289 1085 ipsi
1324 1027 1418 1070 sine
1451 1042 1532 1086 pa-

180 1097 309 1138 trono
341 1091 386 1133 in
419 1088 588 1148 judicio
617 1089 771 1133 adesse
797 1097 930 1148 atque
963 1104 1138 1132 causam
1170 1104 1291 1130 suam
1308 1104 1533 1149 aget-epo·

181 1158 326 1196 terant
349 1149 399 1209 ²).
464 1149 551 1194 Sed
587 1159 689 1194 ante
720 1151 863 1194 omnia
897 1157 963 1194 est
978 1149 1321 1197 observandum,
1358 1166 1454 1202 eos,
1488 1151 1531 1193 in

182 1214 401 1257 civitatem
418 1220 644 1271 acceptos,
663 1229 795 1272 quum
812 1214 987 1256 omnino
1004 1213 1219 1272 peregrini
1257 1221 1427 1265 essent,
1447 1229 1532 1257 non

132 1303 139 1306 -
182 1277 223 1319 in
241 1276 435 1323 eandem,
460 1291 544 1335 qua
567 1283 689 1318 erant
708 1282 873 1318 veteres
893 1276 1024 1324 cives,
1042 1274 1331 1318 conditionem
1352 1276 1533 1318 venisse.

180 1338 247 1385 lta
265 1339 378 1384 enim
393 1337 483 1396 jam
500 1336 556 1381 ab
589 1338 713 1381 initio
733 1336 978 1396 respublica
1013 1337 1207 1381 Romana
1243 1345 1335 1380 erat
1367 1338 1535 1382 consti·

181 1408 288 1454 tuta,
306 1408 355 1445 ut
372 1402 415 1443 in
433 1400 546 1459 juris
564 1399 912 1460 aequabilitatem
929 1407 1047 1443 tanta
1061 1430 1073 1450 ‚
1091 1407 1252 1459 quanta
1277 1398 1402 1458 plebs
1429 1407 1535 1449 erat,

183 1462 435 1511 multitudo,
452 1463 557 1522 quin
579 1463 671 1521 ipsa
687 1461 1162 1522 hujusmon'stitutionis
1183 1461 1318 1505 forma
1338 1469 1534 1506 mutare-

184 1530 268 1573 turss
301 1525 441 1584 accipi
475 1523 561 1567 non
603 1532 749 1583 posset
780 1524 833 1579 ³).
898 1524 1120 1568 Credibile
1147 1524 1281 1579 igitur
1313 1531 1400 1573 est,
1432 1524 1534 1568 Ple-

184 1587 311 1648 bejos
341 1587 654 1647 antiquissimis
698 1585 965 1646 temporibus
1010 1602 1032 1630 a
1066 1586 1265 1630 Patriciis
1297 1601 1536 1647 eorumque

185 1651 318 1696 curiis
350 1650 526 1695 omnino
557 1656 747 1693 remotos
775 1657 908 1709 atque
936 1649 1137 1693 exclusos
1170 1648 1307 1692 fuisse
1328 1649 1382 1704 ⁴).
1421 1650 1536 1693 Par-

185 1714 340 1772 ticipes
373 1718 496 1756 erant
526 1712 737 1762 civitatis,
767 1711 809 1754 id
827 1718 914 1761 est,
950 1712 1068 1754 cives
1088 1718 1236 1761 erant,
1255 1710 1330 1753 sed
1348 1727 1433 1754 non
1450 1728 1537 1770 op-

186 1776 291 1820 timo
321 1773 444 1834 jure,
477 1780 525 1817 ut
556 1772 727 1823 dicitur,
763 1773 831 1817 vel
865 1774 1028 1834 optima
1062 1772 1179 1831 lege,
1213 1772 1464 1819 conditione
1483 1774 1536 1833 ⁶),

275 1887 307 1929 1)
329 1887 433 1919 Aliam
465 1888 505 1919 de
528 1888 725 1925 Plebejorum
747 1892 818 1919 ortu
839 1888 1024 1919 sententiam
1047 1887 1142 1918 habet
1178 1886 1350 1928 Dionyoim
1372 1886 1534 1920 Helicon-n.

185 1942 230 1981 (2.
263 1940 306 1977 8),
338 1939 389 1970 eui
421 1945 503 1977 quae
521 1938 596 1970 fides
624 1939 656 1969 in
679 1939 737 1970 hac
758 1947 791 1970 re
815 1940 855 1970 sit
876 1939 1037 1976 habenda.
1072 1941 1207 1970 ostendit
1240 1938 1421 1982 Schwayler,
1445 1941 1473 1972 R
1495 1941 1535 1973 G.

185 1993 212 2036 1,
233 2000 264 2032 p.
289 1989 343 2023 10¹
370 1998 471 2028 seqq..

312 2042 366 2074 Cir
387 2042 453 2073 Liv.
478 2042 507 2078 1,
528 2041 559 2073 8.
581 2042 644 2073 Cic.
666 2042 705 2073 de
726 2041 804 2079 nep.
833 2040 864 2078 2,
888 2041 938 2078 12,
961 2040 1011 2072 23.

272 2095 307 2134 2)
327 2094 408 2125 vide
428 2092 607 2136 Lanqeum,
627 2096 666 2127 R.
688 2095 752 2126 Ait.
775 2094 799 2124 1.
823 2102 853 2132 p.
872 2092 942 2129 303,
969 2091 1211 2136 Schweylerum,
1254 2097 1291 2128 R.
1315 2095 1353 2126 G.
1374 2095 1399 2127 ¹.
1423 2104 1454 2134 p.
1476 2096 1537 2129 6²0

315 2147 383 2190 Hac
406 2154 456 2185 re,
474 2149 554 2180 sicut
580 2149 647 2179 aliis
669 2147 790 2182 multis.
810 2145 927 2183 Plebeji
948 2146 1097 2177 differunt
1118 2155 1135 2177 a
1163 2146 1342 2186 clientibus,
1363 2149 1402 2180 de
1423 2149 1537 2187 quibus

187 2201 310 2239 egregIe
331 2201 469 2238 disputat
488 2201 570 2231 idem
593 2198 739 2241 Lan-oeus
760 2197 785 2228 1.
806 2205 837 2235 p.
862 2195 919 2228 183
939 2204 1025 2235 seqq.
1071 2197 1256 2242 Schweqler,
1280 2201 1318 2231 R.
1337 2200 1375 2232 G.
1395 2201 1419 2231 1.
1431 2209 1462 2239 p.
1477 2199 1536 2231 639

189 2250 303 2283 -645,
345 2249 453 2288 Peter,
475 2252 514 2282 R.
538 2251 577 2281 G.
605 2253 629 2282 1.
653 2261 681 2289 p.
704 2249 754 2281 70.

275 2302 308 2341 3)
329 2302 383 2333 Cfr
405 2302 575 2341 Puclutam,
598 2304 684 2335 Curs.
708 2304 738 2334 d.
760 2302 835 2333 lust.
858 2302 884 2332 1.
907 2310 937 2340 p·
967 2300 1035 2333 148.

274 2355 308 2395 4)
330 2356 425 2387 Putat
447 2356 619 2399 Dionysius
639 2356 684 2395 (2,
705 2355 747 2392 ⁷).
779 2358 878 2386 totam
893 2353 1144 2390 multitudinem',
1166 2360 1197 2386 et
1219 2356 1368 2388 Patricius
1399 2360 1432 2386 et
1465 2357 1539 2386 Pte-

190 2408 295 2446 besa,
318 2408 488 2441 altomuio
511 2410 542 2440 in
565 2410 663 2440 tribus
688 2408 853 2445 curiasque
883 2406 975 2437 ruisse
1007 2406 1200 2444 descriptam.
1266 2408 1359 2446 Quod
1382 2416 1477 2446 quam
1499 2409 1539 2438 sit

191 2459 372 2495 verisimile.
394 2460 463 2492 vide
485 2459 669 2502 Schweyler.
691 2460 730 2491 R.
742 2458 778 2490 G.
789 2459 814 2490 1.
824 2468 854 2498 p.
867 2457 927 2490 623
949 2466 1036 2496 seqq·
1060 2456 1112 2488 Crr
1135 2457 1235 2490 Peter.
1264 2461 1302 2493 R.
1326 2460 1364 2491 G.
1387 2461 1411 2491 l.
1434 2468 1464 2498 p.
1489 2459 1538 2490 7¹.

278 2511 306 2548 5)
329 2512 449 2550 Nempe
482 2510 527 2544 ea'
553 2512 749 2548 conditione.
782 2520 863 2552 quae
896 2510 1107 2550 plenissimum
1134 2511 1184 2547 jus
1213 2512 1343 2549 aiicujus
1363 2513 1406 2543 rei
1430 2514 1537 2549 affert,

191 2570 289 2602 quae,
311 2568 347 2594 ut
368 2564 460 2595 hodie
470 2564 596 2600 dicunt,
614 2572 685 2594 cum
698 2564 842 2594 omnibus
854 2562 1019 2601 privilegiis
1030 2566 1061 2592 et
1077 2564 1295 2600 praerogativis
1306 2565 1471 2601 conjuncta
1484 2571 1537 2595 est.

526 2607 530 2611 ’
1048 2612 1170 2644 Erneee.
1194 2615 1270 2644 citu.
1293 2615 1391 2645 Cicer.
1414 2624 1444 2654 p.
1469 2615 1538 2647 586.
